% This file was created with JabRef 2.10.
% Encoding: UTF8


@Article{TROUPIN16,
  Title                    = {{A toolbox for glider data processing and management}},
  Author                   = {C. Troupin and J.P.~Beltran and E.~Heslop and M~Torner and B.~Garau and J.~Allen and S.~Ruiz and J.~Tintor\'{e}},
  Journal                  = {Methods in Oceanography},
  Year                     = {2016},
  Pages                    = {13-23},
  Volume                   = {{13-14}},

  Doi                      = {10.1016/j.mio.2016.01.001},
  Owner                    = {ctroupin},
  Timestamp                = {2016.01.04},
  Url                      = {http://www.sciencedirect.com/science/article/pii/S2211122015300207}
}

@Article{TROUPIN2015,
  Title                    = {{Illustration of the emerging capabilities of SARAL/AltiKa in the coastal zone using a multi-platform approach}},
  Author                   = {C. Troupin and A. Pascual and G. Valladeau and I. Pujol and A. Lana and E. Heslop and S. Ruiz and M. Torner and N. Picot and J. Tintor\'{e}},
  Journal                  = asr,
  Year                     = {2015},
  Number                   = {1},
  Pages                    = {51-59},
  Volume                   = {55},

  Doi                      = {10.1016/j.asr.2014.09.011},
  Owner                    = {ctroupin},
  Timestamp                = {2014.07.16},
  Url                      = {http://www.sciencedirect.com/science/article/pii/S0273117714005754}
}

@Article{TROUPIN2012bOM,
  Title                    = {{Generation of analysis and consistent error fields using the Data Interpolating Variational Analysis (Diva)}},
  Author                   = {C. Troupin and D. Sirjacobs and M. Rixen and P. Brasseur and J.-M. Brankart and A. Barth and A. Alvera-Azc\'{a}rate and A. Capet and M. Ouberdous and F. Lenartz and M.-E. Toussaint and J.-M. Beckers},
  Journal                  = om,
  Year                     = {2012},
  Pages                    = {90-101},
  Volume                   = {52-53},

  Doi                      = {10.1016/j.ocemod.2012.05.002},
  Owner                    = {Charles},
  Timestamp                = {2008.11.15},
  Url                      = {http://www.sciencedirect.com/science/article/pii/S1463500312000790}
}

