% This file was created with JabRef 2.7b.
% Encoding: UTF-8

@STRING{clq = {International Li\`{e}ge Colloquium on Ocean Dynamics}}

@STRING{CMEMS = {Copernicus Marine Environment Monitoring Service}}

@STRING{diva = {SeaDataNet Diva workshop}}

@STRING{egu = {European Geosciences Union General Assembly}}

@STRING{eof = {Encuentro de la Oceanograf\'{i}a F\'{i}sica Espa\~{n}ola}}

@STRING{eurogoos1 = {7th EuroGOOS Conference}}

@STRING{eurogoos2 = {7th EuroGOOS Conference: HF Radar Meeting}}

@STRING{imdis = {International Conference on Marine Data and Information Systems (IMDIS)}}

@STRING{myosd = {MyOcean Science Days}}

@STRING{os = {Ocean Science Meeting}}

@STRING{vliz = {VLIZ Young Marine Scientists' Day}}

@CONFERENCE{TROUPIN2010EGU1,
  author = {A. Alvera-Azc\'{a}rate and A. Barth and C. Troupin and J.-M. Beckers},
  title = {{Comparison between in situ and satellite surface temperature in
	the Western Mediterranean Sea}},
  booktitle = {7th } # egu,
  year = {2010},
  address = {Vienna, Austria},
  month = {May 6},
  organization = {European Geosciences Union},
  note = {Presentation},
  owner = {ctroupin},
  timestamp = {2014.01.17},
  url = {{http://hdl.handle.net/2268/91805}}
}

@CONFERENCE{TROUPIN2010ILCOD,
  author = {A. Alvera-Azc\'{a}rate and A. Barth and C. Troupin and J.-M. Beckers},
  title = {{Error assessment of sea surface temperature satellite data relative
	to in situ data: effect of spatial and temporal coverage}},
  booktitle = {42nd } # clq,
  year = {2010},
  address = {Li\`{e}ge, Belgium},
  month = {30 April},
  organization = {GHER},
  note = {Presentation},
  owner = {ctroupin},
  timestamp = {2014.01.17},
  url = {{http://hdl.handle.net/2268/91802}}
}

@CONFERENCE{ALVERA12,
  author = {A. Alvera-Azc\'{a}rate and C. Troupin and A. Barth and J.-M. Beckers},
  title = {{An EOF-based technique to compute merged high resolution sea surface
	temperature fields}},
  booktitle = {44th } # clq,
  year = {2012},
  address = {Li\`{e}ge, Belgium},
  month = {10 May},
  owner = {ctroupin},
  timestamp = {2015.05.21}
}

@CONFERENCE{TROUPIN2010ICMDIS,
  author = {A. Barth and A. Alvera-Azc\'{a}rate and D. Sirjacobs and C. Troupin
	and M. Ouberdous and J.-M. Beckers},
  title = {{A web interface for gridding and visualizing oceanographic data
	sets}},
  booktitle = imdis,
  year = {2010},
  address = {Paris, France},
  month = {March},
  note = {Presentation},
  owner = {ctroupin},
  timestamp = {2014.01.17},
  url = {{http://hdl.handle.net/2268/91863}}
}

@CONFERENCE{BARTH11,
  author = {A. Barth and A. Alvera-Azc\'{a}rate and C. Troupin and M. Ouberdous
	and J.-M. Beckers},
  title = {Data Assimilation at {ULg}},
  booktitle = {Sangoma Kick-Off meeting},
  year = {2011},
  address = {Li\`{e}ge, Belgium},
  month = {25 November},
  owner = {ctroupin},
  timestamp = {2015.05.21}
}

@CONFERENCE{BARTH09,
  author = {A. Barth and A Alvera-Azc\'{a}rate and C. Troupin and M. Ouberdous
	and J.-M. Beckers},
  title = {{A web interface for griding arbitrarily distributed in situ data
	based on Data-Interpolating Variational Analysis (Diva)}},
  booktitle = {6th } # egu,
  year = {2009},
  address = {Vienna, Austria},
  month = {19-24 April},
  note = {Presentation},
  owner = {ctroupin},
  timestamp = {2014.01.16},
  url = {http://hdl.handle.net/2268/33456}
}

@CONFERENCE{BARTH08SESAME,
  author = {A. Barth and A. A. Azc\'{a}rate and P. Joassin and J.-M. Beckers
	and C. Troupin},
  title = {{Introduction to Optimal Interpolation and Variational Analysis}},
  booktitle = {SESAME Summer School},
  year = {2008},
  address = {Varna, Bulgaria},
  month = {21 July-7 August},
  organization = {SESAME},
  owner = {ctroupin},
  timestamp = {2015.05.21}
}

@CONFERENCE{TROUPIN2013IMDIS1,
  author = {Barth, A. and Troupin, C. and Alvera-Azc\'{a}rate, A. and Beckers,
	J.-M.},
  title = {{Variational data analysis for generating ocean climatologies (Diva)
	and web-based distribution of data products (OceanBrowser)}},
  booktitle = imdis,
  year = {2013},
  address = {Lucca, Italy},
  month = {25 September},
  note = {Presentation},
  owner = {ctroupin},
  timestamp = {2014.01.16}
}

@CONFERENCE{BARTH2016IMDIS1,
  author = {A. Barth and S. Watelet and C.~Troupin, A.~Alvera-Azc\'{a}rate and
	G.~Santinelli and G. Hendriksen and A. Giorgetti and J.-M. Beckers},
  title = {{OceanBrowser: on-line visualization of gridded ocean data and in
	situ observations}},
  booktitle = imdis,
  year = {2016},
  address = {Gdansk, Poland},
  month = {11 October},
  note = {Oral},
  owner = {ctroupin},
  timestamp = {2016.10.12}
}

@CONFERENCE{BARTH2016EGU,
  author = {Alexander Barth and Sylvain Watelet and Charles Troupin and Aida
	Alvera Azcarate and Giorgio Santinelli and Gerrit Hendriksen and
	Alessandra Giorgetti and Jean-Marie Beckers},
  title = {{Analysis of ocean in situ observations and web-based visualization}},
  booktitle = {13th } # egu,
  year = {2016},
  address = {Vienna, Austria},
  month = {17-22 April},
  organization = {European Geosciences Union},
  note = {Presentation or poster},
  owner = {ctroupin},
  timestamp = {2016.01.18}
}

@CONFERENCE{BARTH2015EGU1,
  author = {Alexander Barth and Sylvain Watelet and Charles Troupin and Jean-Marie
	Beckers},
  title = {{Web-based visualization of gridded dataset usings OceanBrowser}},
  booktitle = egu,
  year = {2015},
  address = {Vienna, Austria},
  month = {12-17 April},
  organization = {European Geosciences Union},
  note = {Presentation},
  owner = {ctroupin},
  timestamp = {2015.04.20},
  url = {http://meetingorganizer.copernicus.org/EGU2015/EGU2015-5792.pdf}
}

@CONFERENCE{BARTH2015SDN,
  author = {A. Barth and S. Watelet and C. Troupin and J.-M. Beckers},
  title = {DIVA and OceanBrowser},
  booktitle = {SeaDataNet 2 Final Meeting},
  year = {2015},
  address = {Brest, France},
  month = {16-17 September},
  organization = {Ifremer},
  note = {Presentation},
  owner = {ctroupin},
  timestamp = {2015.10.01},
  url = {http://www.seadatanet.org/content/download/26353/180036/file/SDN2_WP8_WP9_DIVA_Oceanbrowser_Barth.pdf}
}

@CONFERENCE{Beckers2010,
  author = {J.-M. Beckers and A. Alvera-Azc\'{a}rate and A. Barth and C. Troupin},
  title = {{Climatological analysis of irregularly distributed data using Data
	Interpolating Variational Analysis Diva}},
  booktitle = os,
  year = {2010},
  address = {Portland, U.S.A.},
  month = {22 February},
  organization = {American Geophysical Union},
  note = {Poster},
  owner = {ctroupin},
  timestamp = {2014.01.17},
  url = {{http://hdl.handle.net/2268/113145}}
}

@CONFERENCE{TROUPIN2009SDN,
  author = {J.-M. Beckers and A. Alvera-Azc\'{a}rate and A. Barth and C. Troupin
	and D. Sirjacobs and M. Ouberdous},
  title = {{Diva: new features}},
  booktitle = {4th } # diva,
  year = {2009},
  address = {Calvi, France},
  month = {23 October},
  note = {Presentation},
  owner = {ctroupin},
  timestamp = {2014.01.17},
  url = {{http://hdl.handle.net/2268/113148}}
}

@CONFERENCE{TROUPIN2010SDN,
  author = {J.-M. Beckers and A. Alvera-Azc\'{a}rate and A. Barth and L. Vandenbulcke
	and C. Troupin and D. Sirjacobs and M. Ouberdous},
  title = {{Synthesis of regional product activities JRA4-JRA9}},
  booktitle = {SeaDataNet 4th Plenary Meeting},
  year = {2010},
  address = {Paris, France},
  month = {1 April},
  note = {Presentation},
  owner = {ctroupin},
  timestamp = {2014.01.17},
  url = {{http://hdl.handle.net/2268/113105}}
}

@CONFERENCE{BECKERS08CALVI,
  author = {J.-M. Beckers and M. Ouberdous and D. Sirjacobs and C. Troupin},
  title = {{Variational Inverse Method for data interpolation}},
  booktitle = {Conseil des Recteurs des universit\'{e}s francophones de Belgique},
  year = {2008},
  address = {Calvi, France},
  month = {May},
  owner = {ctroupin},
  timestamp = {2014.01.16},
  url = {http://hdl.handle.net/2268/114009}
}

@CONFERENCE{BELTRAN2015EGU1,
  author = {Joan Pau Beltran and Emma Heslop and Sim\'{o}n Ruiz and Charles Troupin
	and Joaqu\'{i}n Tintor\'{e}},
  title = {{SOCIB Glider toolbox: from sensor to data repository}},
  booktitle = egu,
  year = {2015},
  address = {Vienna, Austria},
  month = {12-17 April},
  organization = {European Geosciences Union},
  note = {Poster},
  owner = {ctroupin},
  timestamp = {2015.04.20},
  url = {http://meetingorganizer.copernicus.org/EGU2015/EGU2015-11719.pdf}
}

@CONFERENCE{BELTRAN2015ILCOD,
  author = {Joan Pau Beltran and Emma Heslop and Sim\'{o}n Ruiz and Charles Troupin
	and Joaqu\'{i}n Tintor\'{e}},
  title = {{SOCIB Glider toolbox: from sensor to data repository}},
  booktitle = {47th } # clq,
  year = {2015},
  address = {Li\`{e}ge, Belgium},
  month = {4-8 May},
  organization = {GHER},
  note = {Poster},
  owner = {ctroupin},
  timestamp = {2015.04.20}
}

@CONFERENCE{CAPET2015EGU1,
  author = {Arthur Capet and Evan Mason and Vincent Rossi and Charles Troupin
	and Yannice Faug\`{e}re and Isabelle Pujol and Ananda Pascual},
  title = {{Eddy-Driven Offshore Transport in the Eastern Boundary Upwelling
	Systems: Implications of Refined Altimetry}},
  booktitle = egu,
  year = {2015},
  address = {Vienna, Austria},
  month = {12-17 April},
  organization = {European Geosciences Union},
  note = {Poster},
  owner = {ctroupin},
  timestamp = {2015.04.20},
  url = {http://meetingorganizer.copernicus.org/EGU2015/EGU2015-15282.pdf}
}

@CONFERENCE{CAPET2014MYOSD,
  author = {A. Capet and E. Mason and C. Troupin and Y. Faug\`{e}re and I. Pujol
	and A. Pascual},
  title = {{Enhanced Measurements of Mesoscale Activity in the Eastern Boundary
	Upwelling Systems}},
  booktitle = myosd,
  year = {2014},
  address = {Toulouse, France},
  month = {22-24 September},
  organization = {MyOcean and M\'{e}t\'{e}o France},
  note = {Presentation},
  owner = {ctroupin},
  timestamp = {2014.11.24},
  url = {http://www.myocean.eu/web/16-news-events.php?item=1669}
}

@CONFERENCE{TROUPIN2013TAPAS,
  author = {Escudier, R. and Bouffard, J. and Troupin, C. and Pascual, A.},
  title = {{Two steps mapping for HR maps including bathymetry constraints}},
  booktitle = {TAPAS Workshop},
  year = {2013},
  address = {Toulouse, France},
  month = {12 June},
  note = {Presentation},
  owner = {ctroupin},
  timestamp = {2014.01.16}
}

@CONFERENCE{JORDA2014,
  author = {G. Jord\`{a} and L. Houpert and D. Gomis and A. Bosse and P. Testor
	and J. Llasses and C. Troupin},
  title = {{A new hydrographic gridded product for the Mediterranean Sea. Impact
	of XBT correction on heat content estimates}},
  booktitle = {{4th XBT workshop on "XBT Science and the Way Forward"}},
  year = {2014},
  address = {Beijing, China},
  month = {11-13 November},
  owner = {ctroupin},
  timestamp = {2014.11.24},
  url = {http://2014xbtworkshop.csp.escience.cn/dct/page/1}
}

@CONFERENCE{LANA2015EGU1,
  author = {Arancha Lana and Vicente Fern\'{a}ndez and Alejandro Orfila and Charles
	Troupin and Joaqu\'{i}n Tintor\'{e}},
  title = {{Validation of HF Radar ocean surface currents in the Ibiza Channel
	using lagrangian drifters, moored current meter and underwater gliders}},
  booktitle = egu,
  year = {2015},
  address = {Vienna, Austria},
  month = {12-17 April},
  organization = {European Geosciences Union},
  note = {Poster},
  owner = {ctroupin},
  timestamp = {2015.04.20},
  url = {http://meetingorganizer.copernicus.org/EGU2015/EGU2015-2780-1.pdf}
}

@CONFERENCE{LANA2014EGU1,
  author = {Arancha Lana and Vicente Fern\'{a}ndez and Charles Troupin and Ananda
	Pascual and Alejandro Orfila and J. Tintor\'{e}},
  title = {{Surface current patterns in the Ibiza Channel with the use of High
	Frequency (HF) Radar system}},
  booktitle = {11th } # egu,
  year = {2014},
  address = {Vienna, Austria},
  month = {30 April},
  organization = {European Geosciences Union},
  note = {Poster},
  keywords = {HF Radar, Mediterranean Sea},
  owner = {ctroupin},
  timestamp = {2014.02.20},
  url = {http://meetingorganizer.copernicus.org/EGU2014/EGU2014-12293.pdf}
}

@CONFERENCE{TROUPIN2012IESOCOL,
  author = {Lepoint, G. and Marichal, N. and Troupin, C. and Monti, D.},
  title = {{Stable isotope composition spatial variability at the microhabitat
	the scale of macrofauna inhabiting a tropical freshwater stream (P\'{e}rou
	River, Guadeloupe)}},
  booktitle = {ISOECOL 2012 (Application of stable isotopes in Ecology)},
  year = {2012},
  address = {Brest, France},
  month = {2012},
  note = {Poster},
  owner = {ctroupin},
  timestamp = {2014.01.16},
  url = {{http://hdl.handle.net/2268/131579}}
}

@CONFERENCE{Licer2017EGU,
  author = {Matjaz Licer and B. Mourre and C. Troupin and A. Krietemeyer and
	J. Tintor\'{e}},
  title = {{ Numerical Study of Balearic Meteotsunami Generation and Propagation
	under Synthetic Gravity Wave Forcing}},
  booktitle = egu,
  year = {2017},
  address = {Vienna, Austria},
  month = {23-28 April},
  organization = {European Geosciences Union},
  note = {Poster},
  owner = {ctroupin},
  timestamp = {2015.04.20},
  url = {http://meetingorganizer.copernicus.org/EGU2015/EGU2015-875-1.pdf}
}

@CONFERENCE{LORA2015EGU1,
  author = {Sebastian Lora and Kristian Sebasti\'{a}n and Charles Troupin and
	Joan Pau Beltran and Biel Frontera and Sonia G\'{o}mara and Joaquin
	Tintor\'{e}},
  title = {{Oceanographic data at your fingertips: the SOCIB App for smartphones}},
  booktitle = egu,
  year = {2015},
  address = {Vienna, Austria},
  month = {12-17 April},
  organization = {European Geosciences Union},
  note = {Poster},
  owner = {ctroupin},
  timestamp = {2015.04.20},
  url = {http://meetingorganizer.copernicus.org/EGU2015/EGU2015-2823.pdf}
}

@CONFERENCE{LORA2015ILCOD,
  author = {Sebastian Lora and Kristian Sebasti\'{a}n and Charles Troupin and
	Joan Pau Beltran and Biel Frontera and Sonia G\'{o}mara and Joaquin
	Tintor\'{e}},
  title = {{Oceanographic data at your fingertips: the SOCIB App for smartphones}},
  booktitle = {47th } # clq,
  year = {2015},
  address = {Li\`{e}ge, Belgium},
  month = {4-8 May},
  organization = {GHER},
  note = {Poster},
  owner = {ctroupin},
  timestamp = {2015.04.20},
  url = {http://meetingorganizer.copernicus.org/EGU2015/EGU2015-2823.pdf}
}

@CONFERENCE{MARMAIN16,
  author = {J. Marmain and E. Heslop and A. Lana and V. Fern\'{a}ndez and B.
	Mourre and M. Juza and C. Troupin and A. Orfila and J. Tintor\'{e}},
  title = {{SOCIB HF radar : a key contribution to multi-platform ocean observation}},
  booktitle = {{Ocean Sciences Meeting}},
  year = {2016},
  address = {New Orleans (LA) U.S.A},
  month = {{21-26 February}},
  organization = {{AGU, ASLO, and TOS}},
  note = {Poster},
  owner = {ctroupin},
  timestamp = {2016.01.18}
}

@CONFERENCE{MOURRE2016,
  author = {B.~Mourre and M. Licer and C. Troupin and A. Krietemeyer and J. Tintor\'{e}},
  title = {{Balearic Rissaga Forecasting System: studying meteotsunami propagation
	under synthetic gravity wave forcing and revisiting the 2006 event}},
  booktitle = {{XXXII Trobades Cient\'{i}fiques de la Mediterr\`{a}nia - Josep Miquel
	Vidal - Planeta Oc\'{e}ano}},
  year = {2016},
  address = {Ma\'{o}, Spain},
  month = {6 October},
  note = {Oral},
  owner = {ctroupin},
  timestamp = {2016.10.12}
}

@CONFERENCE{TROUPIN2012EGU2,
  author = {Ouberdous, M. and Troupin, C. and Barth, A. and Alvera-Azc\'{a}rate,
	A. and Beckers, J.-M.},
  title = {{Data-Interpolating Variational Analysis (Diva) software, a tool
	for European regional seas and Ocean climatologies production}},
  booktitle = {9th } # egu,
  year = {2012},
  address = {Vienna, Austria},
  month = {24 April},
  organization = {European Geosciences Union},
  note = {Poster},
  owner = {ctroupin},
  timestamp = {2014.01.16},
  url = {{http://hdl.handle.net/2268/126585}}
}

@CONFERENCE{PASCUAL14PERSEUS,
  author = {A. Pascual and B. Casas and J. T. Allen and M. Torner and A. Olita
	and S. Ruiz and C. Troupin and E. Mason and M. Palmer and F. Margirier
	and C. Castilla and P. Balaguer and I. Lizar\'{a}n and G. Notarstefano
	and A. Massanet and K. Sebasti\'{a}n and J. P. Beltran and M. Juza
	and A. Tovar and P. V\'{e}lez and T. Oguz and A. Mahadevan and P.
	Poulain and J. Tintor\'{e}},
  title = {{ALBOREX: a major intensive multi-platform and multidisciplinary
	experiment in the Alboran Sea}},
  booktitle = {3rd PERSEUS General Assembly \& Scientific Workshop},
  year = {2014},
  address = {Marrakesh, Morocco},
  month = {1-4 December},
  note = {Presentation},
  owner = {ctroupin},
  timestamp = {2014.11.24}
}

@CONFERENCE{TROUPIN2013OSTST2,
  author = {A. Pascual and R. Escudier and C. Troupin},
  title = {{Innovative Approaches for Altimetry Mapping in the Coastal Band.
	Applications to the North-western Mediterranean Sea}},
  booktitle = {{Ocean Surface Topography Science Team Meeting}},
  year = {2013},
  address = {{Boulder (CO), U.S.A.}},
  month = {8-11 October},
  note = {Presentation},
  owner = {ctroupin},
  timestamp = {2014.01.16}
}

@CONFERENCE{PASCUAL2015EGU1,
  author = {Ananda Pascual and Arancha Lana and Charles Troupin and Sim\'{o}n
	Ruiz and Yannice Faug\`{e}re and Romain Escudier and Joaqu\'{i}n
	Tintor\'{e}},
  title = {{Assessing SARAL/AltiKa delayed-time Ssalto/Duacs data in the coastal
	zone: comparisons with HF radar observations in the Ibiza Channel}},
  booktitle = egu,
  year = {2015},
  address = {Vienna, Austria},
  month = {12-17 April},
  organization = {European Geosciences Union},
  note = {Poster},
  owner = {ctroupin},
  timestamp = {2015.04.20},
  url = {http://meetingorganizer.copernicus.org/EGU2015/EGU2015-11164.pdf}
}

@CONFERENCE{PASCUAL2015ILCOD,
  author = {Ananda Pascual and Arancha Lana and Charles Troupin and Sim\'{o}n
	Ruiz and Yannice Faug\`{e}re and Romain Escudier and Joaqu\'{i}n
	Tintor\'{e}},
  title = {{Assessing SARAL/AltiKa data in the coastal zone with HF radar observations}},
  booktitle = {47th } # clq,
  year = {2015},
  address = {Li\`{e}ge, Belgium},
  month = {4-8 May},
  organization = {GHER},
  note = {Poster},
  owner = {ctroupin},
  timestamp = {2015.04.20},
  url = {http://meetingorganizer.copernicus.org/EGU2015/EGU2015-11719.pdf}
}

@CONFERENCE{PASCUAL2014OSTST,
  author = {A. Pascual and A. Lana and C. Troupin and S. Ruiz and Y. Faug\`{e}re
	and R. Escudier and J. Tintor\'{e}},
  title = {{Assessing SARAL/AltiKa near-real time data in the coastal zone:
	comparisons with HF radar}},
  booktitle = {SARAL/AltiKa Workshop},
  year = {2014},
  address = {Lake Constance, Germany},
  month = {27 October},
  organization = {EUMETSAT and CNES},
  note = {Poster},
  owner = {ctroupin},
  timestamp = {2014.11.24},
  url = {http://www.ostst-altimetry-2014.com/authors/saralaltika/}
}

@CONFERENCE{PETIT2016IMDIS1,
  author = {L. {Petit de La Villeon} and S. Pouliquen and H. Wehde and J. Tintor\'{e}
	and T. Carval and L. S. Ringheim and S. Tamm and Stephane Tarot,
	V. Marinova, L.~Perivolotis and M. Alonso-Mu\~{n}oyerro and T. Hammarklint
	and F.~{Manzano Mu\~{n}oz} and C. Troupin and K. Balem and C. Guyot},
  title = {{Copernicus Marine Environment Monitoring Service In Situ TAC: an
	operational data provision system for operational oceanography}},
  booktitle = imdis,
  year = {2016},
  address = {Gdansk, Poland},
  month = {12 October},
  note = {Oral},
  owner = {ctroupin},
  timestamp = {2016.10.12}
}

@CONFERENCE{PRIETO2015PERSEUS,
  author = {Laura Prieto and Biel Frontera and Guillermo Vizoso and Josep Maria
	Aguil\'{o} and Joan Pol Pujol and Charles Troupin and Antonio Grau
	and Javier Ruiz and Joaqu\'{i}n Tintor\'{e}},
  title = {{A new website platform for uploading data from a systematic jellyfish
	monitoring system in the Balearic Islands: a joint science society
	approach}},
  booktitle = {PERSEUS International Workshop on Jellyfish},
  year = {2015},
  address = {Cadiz Spain},
  month = {2-3 March},
  organization = {{CSIC, IOC-UNESCO, CEIMAR}},
  owner = {ctroupin},
  timestamp = {2015.04.20}
}

@CONFERENCE{RUIZ2016OSM,
  author = {S. Ruiz and M. Claret and A. Pascual and A. Olita and A. Mahadevan
	and A. Tovar and C. Troupin and J. Tintor\'{e} and A. Capet},
  title = {{Observational and numerical evidence for ocean frontogenesis inducing
	submesoscale processes and impacting biochemistry}},
  booktitle = {Ocean Sciences Meeting},
  year = {2016},
  address = {New Orleans (LA) U.S.A},
  month = {{21-26 February}},
  organization = {{AGU, ASLO, and TOS}},
  note = {Poster},
  owner = {ctroupin},
  timestamp = {2016.02.18}
}

@CONFERENCE{RUIZ2015ILCOD,
  author = {Ruiz, Sim\'{o}n and Pascual, Ananda and Allen, John and Olita, Antonio
	and Tovar, Antonio and Mahadevan, Amala and Claret, Mariona and Troupin,
	Charles and Poulain, Pierre and Oguz, Temel and Tintor\'{e}, Joaqu\'{i}n},
  title = {{Assessing SARAL/AltiKa data in the coastal zone with HF radar observations}},
  booktitle = {47th } # clq,
  year = {2015},
  address = {Li\`{e}ge, Belgium},
  month = {4-8 May},
  organization = {GHER},
  note = {Poster},
  owner = {ctroupin},
  timestamp = {2015.04.20},
  url = {http://meetingorganizer.copernicus.org/EGU2015/EGU2015-11719.pdf}
}

@CONFERENCE{TROUPIN2010OS2,
  author = {P. Sangr\`{a} and J. Ar\'{i}stegui and C. Troupin and E. D. Barton},
  title = {{Poleward front of upwelling filaments generates subsurface anticyclonic
	eddies (FEDDY): a CAIBEX Project contribution}},
  booktitle = os,
  year = {2010},
  address = {Portland (OR), U.S.A.},
  month = {25 February},
  organization = {American Geophysical Union},
  note = {Poster},
  owner = {ctroupin},
  timestamp = {2014.01.17},
  url = {{http://hdl.handle.net/2268/125226}}
}

@CONFERENCE{TROUPIN2009EGU3,
  author = {S. Scory and M. Ouberdous and C. Troupin and J.-M. Beckers},
  title = {{S,T-climatologies of the North Sea using the Variational Inverse
	Method}},
  booktitle = {6th } # egu,
  year = {2009},
  address = {Vienna, Austria},
  month = {19 April},
  organization = {European Geosciences Union},
  note = {Poster},
  owner = {ctroupin},
  timestamp = {2014.01.17},
  url = {{http://hdl.handle.net/2268/113248}}
}

@CONFERENCE{TROUPIN2016INSTAC2,
  author = {I. Serra and C. Troupin and J. Tintor\'{e}},
  title = {{Indicators and monitoring tool: the INSTAC Dashboard}},
  booktitle = {2nd CMEMS INSTAC Plenary Meeting},
  year = {2016},
  address = {Hamburg, Germany},
  month = {18-20 May},
  organization = {BSH},
  owner = {ctroupin},
  timestamp = {2015.10.01}
}

@CONFERENCE{TROUPIN2009ASLO,
  author = {D. Sirjacobs and F. Lenartz and C. Troupin and A. Alvera-Azc\'{a}rate
	and A. Barth and M. Ouberdous and L. Vandenbulcke and J.-M. Beckers},
  title = {{Weekly satellite sea surface temperature around Corsica, a DINEOF
	analysis of AVHRR data (1998), foreseeing comparison with interpolated
	and modelled fields}},
  booktitle = {ASLO aquatic sciences meeting 2009},
  year = {2009},
  address = {Nice, France},
  month = {January},
  note = {Poster},
  owner = {ctroupin},
  timestamp = {2014.01.17},
  url = {{http://hdl.handle.net/2268/33595}}
}

@CONFERENCE{TINTORE2015ILCOD,
  author = {Tintor\'{e}, Joaqu\'{i}n and Heslop, Emma and Mourre, Baptiste and
	Juza, M\'{e}lanie and Troupin, Charles and Casas, Benjam\'{i}n and
	Torner, Marc and Lana, Ar\'{a}nzazu and Fern\'{a}ndez, Vicente and
	Marmain, Julien and Pascual, Ananda and Orfila, Alejandro and Ruiz,
	Sim\'{o}n and Oguz, Temel and Massanet, Ana and Alou, Eva and \'{A}lvarez,
	Diego and Escudier, Romain and March, David and Llu\'{i}s G\'{o}mez-Pujol
	and Amaya \'{A}lvarez-Ellacuria and G\'{o}mara, Sonia and Sebasti\'{a}n,
	Kristian and Lora, Sebasti\'{a}n and Beltran, Joan Pau and Frontera,
	Biel and Castilla, Carlos and Balaguer, Pau and Roque, David and
	Lizar\'{a}n, Irene and Ca\~{n}ellas, Tomeu and Garau, Angels and
	Rodriguez, Rosa and Gomila, Miquel and Conti, Daniel and Capo, Esther
	and Sayol, Juan Manuel and Mason, Evan and John Allen},
  title = {{Paradigm change in ocean studies: multi-platform observing and forecasting
	integrated approach in response to science and society}},
  booktitle = {47th } # clq,
  year = {2015},
  address = {Li\`{e}ge, Belgium},
  month = {4 May},
  organization = {GHER},
  note = {Presentation (keynote)},
  owner = {ctroupin},
  timestamp = {2014.01.16}
}

@CONFERENCE{TROUPIN15UFM,
  author = {C. Troupin},
  title = {{Towards a Roadmap for Blue Investment and Jobs in the Mediterranean}},
  booktitle = {Union for the Mediterranean Stakeholder Conference},
  year = {2015},
  address = {Athens, Greece},
  month = {27 May},
  organization = {Union for the Mediterranean},
  owner = {ctroupin},
  timestamp = {2015.06.04}
}

@CONFERENCE{TROUPIN2016RUTWb,
  author = {C. Troupin},
  title = {Coastal observatories and integrated coastal zone management systems},
  booktitle = {{CMEMS Regional User and Training Workshop dedicated to the Mediterranean
	Sea (RUTW/MED)}},
  year = {2015},
  address = {{La Spezia, Italy}},
  month = {{3 December}},
  organization = CMEMS,
  owner = {ctroupin},
  timestamp = {2016.02.07}
}

@CONFERENCE{TROUPIN08MARE,
  author = {C. Troupin},
  title = {{Modelling the Cape Ghir Upwelling Filament}},
  booktitle = {MARE General Assembly},
  year = {2008},
  address = {Li\`{e}ge, Belgium},
  month = {12 December},
  note = {Presentation},
  owner = {ctroupin},
  timestamp = {2014.01.16},
  url = {http://hdl.handle.net/2268/113237}
}

@CONFERENCE{TROUPIN2012EOF3,
  author = {Troupin, C. and Alvera Azc\'{a}rate, A. and Barth, A. and Beckers,
	J.-M.},
  title = {{How to remove clouds in a time series of SST images? Application
	to the Canary Island - Madeira Region}},
  booktitle = {II } # eof,
  year = {2012},
  address = {Madrid, Spain},
  month = {16 November},
  organization = {Puertos del Estado},
  note = {Presentation},
  owner = {ctroupin},
  timestamp = {2014.01.16},
  url = {{http://hdl.handle.net/2268/134309}}
}

@CONFERENCE{TROUPIN2011EGU4,
  author = {Troupin, C. and Alvera-Azc\'{a}rate, A. and Barth, A. and Beckers,
	J.-M.},
  title = {{EOF analysis of Sea Surface Temperature in the Canary Island - Madeira
	region}},
  booktitle = {8th } # egu,
  year = {2011},
  address = {Vienna, Austria},
  month = {5 April},
  organization = {European Geosciences Union},
  note = {Presentation},
  owner = {ctroupin},
  timestamp = {2014.01.16},
  url = {{http://hdl.handle.net/2268/89787}}
}

@CONFERENCE{TROUPIN2009VLIZ,
  author = {C. Troupin and J. Ar\'{i}stegui and E.D. Barton and P. Sangr\`{a}
	and J.-M. Beckers},
  title = {{Upwelling filaments: a view through 3 different eyes}},
  booktitle = vliz,
  year = {2009},
  address = {Oostende, Belgium},
  month = {27 November},
  organization = {Vlaams Instituut voor de Zee},
  note = {Presentation},
  owner = {ctroupin},
  timestamp = {2014.01.17},
  url = {{http://hdl.handle.net/2268/113147}}
}

@CONFERENCE{TROUPIN2009VLIZYS,
  author = {C. Troupin and J. Ar\'{i}stegui and E. D. Barton and P. Sangr\`{a}
	and J.-M. Beckers},
  title = {{Modeling and observation of an upwelling filament off Cape Ghir
	(NW Africa) during the CAIBEX campaign}},
  booktitle = vliz,
  year = {2009},
  address = {Oostende, Belgium},
  month = {27 November},
  organization = {Vlaams Instituut voor de Zee},
  note = {Poster},
  owner = {ctroupin},
  timestamp = {2014.01.17},
  url = {{http://hdl.handle.net/2268/113146}}
}

@CONFERENCE{TROUPIN2012EGU3,
  author = {C. Troupin and A. Alvera Azc\'{a}rate and J.-M. Beckers},
  title = {{Reconstruction and analysis of QuikSCAT wind measurements with an
	EOF-based technique}},
  booktitle = {9th } # egu,
  year = {2012},
  address = {Vienna, Austria},
  month = {24 April},
  organization = {European Geosciences Union},
  note = {Poster},
  owner = {ctroupin},
  timestamp = {2014.01.16},
  url = {{http://hdl.handle.net/2268/126585}}
}

@CONFERENCE{TROUPIN2012YMSD,
  author = {Troupin, C. and Barth, A. and Alvera-Azc\'{a}rate, A. and Sirjacobs,
	D. and Beckers, J.-M.},
  title = {{Viewing through the clouds in satellite images}},
  booktitle = vliz,
  year = {2012},
  address = {Brugge, Belgium},
  month = {24 February},
  organization = {Vlaams Instituut voor de Zee},
  note = {Poster},
  owner = {ctroupin},
  timestamp = {2014.01.16},
  url = {{http://hdl.handle.net/2268/113058}}
}

@CONFERENCE{TROUPIN2014EGU2,
  author = {Charles Troupin and Alexander Barth and Jean-Marie Beckers and Ananda
	Pascual},
  title = {{New developments in spatial interpolation methods of Sea-Level Anomalies
	in the Mediterranean Sea}},
  booktitle = {11th } # egu,
  year = {2014},
  address = {Vienna, Austria},
  month = {2 May},
  organization = {European Geosciences Union},
  note = {Poster},
  keywords = {DIVA, Mediterranean Sea, Interpolation, Altimetry},
  owner = {ctroupin},
  timestamp = {2014.02.20},
  url = {http://meetingorganizer.copernicus.org/EGU2014/EGU2014-11423.pdf}
}

@CONFERENCE{TROUPIN2013CAW,
  author = {Troupin, C. and Barth, A. and Beckers, J.-M. and Pascual, A.},
  title = {{Spatial interpolation of SLA along-track measurements using Diva:
	Application to the coastal area of the NW Mediterranean Sea}},
  booktitle = {7th Coastal Altimetry Workshop},
  year = {2013},
  address = {Boulder (CO), U.S.A.},
  month = {7-8 October},
  note = {Poster},
  owner = {ctroupin},
  timestamp = {2014.01.16}
}

@CONFERENCE{TROUPIN2013IMDIS2,
  author = {Troupin,C. and A. Barth and J.-M. Beckers and A. Pascual},
  title = {{An innovative and efficient method for interpolation of sea-level
	anomaly: the Data-Interpolating Variational Analysis (Diva). Application
	to the Mediterranean Sea}},
  booktitle = imdis,
  year = {2013},
  address = {Lucca, Italy},
  month = {25 September},
  note = {Poster},
  owner = {ctroupin},
  timestamp = {2014.01.16}
}

@CONFERENCE{TROUPIN2013SDN2,
  author = {Troupin, C. and Barth, A. and Ouberdous, M. and A. {Alvera-Azc\'{a}rate}
	and Beckers, J.-M.},
  title = {{WP8 and WP9 developments: Data-Interpolating Variational Analysis
	(Diva) developments}},
  booktitle = {SeaDataNet~2 2nd Plenary Meeting},
  year = {2013},
  address = {Lucca, Italy},
  month = {26-27 September},
  note = {Presentation},
  owner = {ctroupin},
  timestamp = {2014.01.16}
}

@CONFERENCE{TROUPIN2010CLQ,
  author = {C. Troupin and J.-M. Beckers and P. Sangr\`{a} and A. Alvera-Azc\'{a}rate
	and A. Barth and F. Mach\'{i}n and E. Mason and F. Lenartz and M.
	Ouberdous and D. Sirjacobs},
  title = {{High-resolution measurements and modelling of the Cape Ghir upwelling
	filament during the CAIBEX cruise}},
  booktitle = {42nd } # clq,
  year = {2010},
  address = {Li\`{e}ge, Belgium},
  month = {26 April},
  organization = {GHER},
  note = {Presentation and poster},
  owner = {ctroupin},
  timestamp = {2014.01.17},
  url = {{http://hdl.handle.net/2268/113132}}
}

@CONFERENCE{TROUPIN2014EUROGOOS1,
  author = {C.~Troupin and J.P.~Beltran and B.~Frontera and S.~G\'{o}mara and
	S.~Lora and D.~March and K.~Sebasti\'{a}n and J.~Tintor\'{e}},
  title = {{Oceanographic Data management at SOCIB}},
  booktitle = eurogoos2,
  year = {2014},
  address = {Lisboa, Portugal},
  month = {28-30 October},
  organization = {EuroGOOS and Hidrogr\'{a}fico Portugal},
  note = {Presentation},
  owner = {ctroupin},
  timestamp = {2014.01.16},
  url = {http://eurogoos2014.hidrografico.pt/}
}

@CONFERENCE{TROUPIN2016IMDIS1,
  author = {C.~Troupin and J.~P.~Beltran and B.~Frontera and S.~G\'{o}mara and
	M.~Gomila and A.~Krietemeyer and C. {Mu\~{n}oz} and M.~\`{A}.~R\'{u}jula
	and I.~Serra and J.~Tintor\'{e}},
  title = {{Data processing and visualization at the Balearic Islands Coastal
	Observing and Forecasting System (SOCIB)}},
  booktitle = imdis,
  year = {2016},
  address = {Gdansk, Poland},
  month = {11 October},
  note = {Oral},
  owner = {ctroupin},
  timestamp = {2016.10.12}
}

@CONFERENCE{TROUPIN2015EGU1,
  author = {Charles Troupin and Joan Pau Beltran and Biel Frontera and Sonia
	G\'{o}mara and Sebastian Lora and David March and Kristian Sebasti\'{a}n
	and Joaquin Tintor\'{e}},
  title = {{SOCIB applications for oceanographic data management}},
  booktitle = egu,
  year = {2015},
  address = {Vienna, Austria},
  month = {12-17 April},
  organization = {European Geosciences Union},
  note = {Presentation},
  owner = {ctroupin},
  timestamp = {2015.04.20},
  url = {http://meetingorganizer.copernicus.org/EGU2015/EGU2015-875-1.pdf}
}

@CONFERENCE{TROUPIN2015ILCOD,
  author = {Troupin, C. and Beltran, J. P. and Frontera, B. and G\'{o}mara, S.
	and Lora, S. and March, D. and Sebasti\'{a}n, K. and Tintor\'{e},
	J.},
  title = {{Data management and applications at SOCIB data centre}},
  booktitle = {47th } # clq,
  year = {2015},
  address = {Li\`{e}ge, Belgium},
  month = {4-8 May},
  organization = {GHER},
  note = {Presentation and poster},
  owner = {ctroupin},
  timestamp = {2014.01.16}
}

@CONFERENCE{TROUPIN2014EOF2,
  author = {C. Troupin and J.~P. Beltran and B. Frontera and S. G\'{o}mara and
	S. Lora and D. March and K. Sebasti\'{a}n and J. Tintor\'{e}},
  title = {{Oceanographic Data Management at SOCIB}},
  booktitle = {III } # eof,
  year = {2014},
  address = {Las Palmas de Gran Canaria, Spain},
  month = {11-13 June},
  organization = {ULPGC},
  note = {Presentation},
  owner = {ctroupin},
  timestamp = {2014.01.16},
  url = {http://ivcongresoccm.ulpgc.es/}
}

@CONFERENCE{TROUPIN2016EGOGLIDER,
  author = {C.~Troupin and J.~P.~Beltran and A.~Krietemeyer and E.~Heslop and
	S.~Ruiz and F.~Cyr},
  title = {SOCIB Glider toolbox: from sensor to data repository},
  booktitle = {{7th EGO conference on autonomous ocean gliders and their applications}},
  year = {2016},
  address = {Southampthon, United Kingdom},
  month = {26-29 September},
  organization = {UK National Oceanography Centre},
  note = {Poster},
  owner = {ctroupin},
  timestamp = {2016.10.12}
}

@CONFERENCE{TROUPIN2014MYOSD,
  author = {C. Troupin and A. Capet and A. Barth and J.-M. Beckers and A. Pascual},
  title = {{Interpolating of Sea-Level Anomaly in the Mediterranean and the
	Black Sea using the Data-Interpolating Variational Analysis}},
  booktitle = myosd,
  year = {2014},
  address = {Toulouse, France},
  month = {22-24 September},
  organization = {MyOcean and M\'{e}t\'{e}o France},
  note = {Poster},
  owner = {ctroupin},
  timestamp = {2014.11.24},
  url = {http://www.myocean.eu/web/16-news-events.php?item=1669}
}

@CONFERENCE{TROUPIN2016RUTW,
  author = {C. Troupin and A. Chalkiopoulos},
  title = {{In Situ TAC training}},
  booktitle = {{CMEMS Regional User and Training Workshop dedicated to the Mediterranean
	Sea (RUTW/MED)}},
  year = {2015},
  address = {{La Spezia, Italy}},
  month = {4 December},
  organization = CMEMS,
  owner = {ctroupin},
  timestamp = {2016.02.07}
}

@CONFERENCE{TROUPIN2016INSTAC3,
  author = {C. Troupin and A. Chalkiopoulos and F. Manzano},
  title = {{Communication \& training activities}},
  booktitle = {2nd CMEMS INSTAC Plenary Meeting},
  year = {2016},
  address = {Hamburg, Germany},
  month = {18-20 May},
  organization = {BSH},
  owner = {ctroupin},
  timestamp = {2015.10.01}
}

@CONFERENCE{TROUPIN2016IMDIS2,
  author = {C. Troupin and B. Frontera and J.~P. Beltran and A. Krietemeyer and
	K. Sebasti\'{a}n and S. G\'{o}mara and M. Gomila and R. Escudier
	and M. Juza and B.~Mourre and A. Garau and T. {Ca\~{n}ellas} and J.~Tintor\'{e}},
  title = {{Medclic: the Mediterranean in one click}},
  booktitle = imdis,
  year = {2016},
  address = {Gdansk, Poland},
  month = {11 October},
  note = {Poster},
  owner = {ctroupin},
  timestamp = {2016.10.12}
}

@CONFERENCE{TROUPIN2016EGU,
  author = {C. Troupin and B. Frontera and K. Sebasti\'{a}n and J.~P.~Beltran
	and A. Krietemeyer and S. G\'{o}mara and M. Gomila and R. Escudier
	and M.~Juza and B.~Mourre and A. Garau and T. {Ca{\~{n}}ellas} and
	J. Tintor\'{e}},
  title = {Medclic: the Mediterranean in one click},
  booktitle = {13th } # egu,
  year = {2016},
  address = {Vienna, Austria},
  month = {17-22 April},
  organization = {European Geosciences Union},
  note = {Poster},
  owner = {ctroupin},
  timestamp = {2016.01.18}
}

@CONFERENCE{TROUPIN14ONC,
  author = {C. Troupin and E. Heslop and J. Tintor\'{e}},
  title = {{Multi-platform observing and forecasting systems. New eyes to understand
	ocean state and variability: "the quiet revolution"}},
  booktitle = {Ocean Seminar},
  year = {2014},
  address = {Barcelona, Spain},
  month = {24 November},
  owner = {ctroupin},
  timestamp = {2014.11.24}
}

@CONFERENCE{TROUPIN2014EUROGOOS2,
  author = {C.~Troupin and A. Lana and V.~Fern\'{a}ndez and J.P.~Beltran and
	B.~Frontera and S.~G\'{o}mara and S.~Lora and K.~Sebasti\'{a}n and
	J.~Tintor\'{e}},
  title = {{SOCIB HF Radar system: Applications and validation}},
  booktitle = eurogoos1,
  year = {2014},
  address = {Lisboa, Portugal},
  month = {28-30 October},
  organization = {EuroGOOS and Hidrogr\'{a}fico Portugal},
  note = {Presentation},
  owner = {ctroupin},
  timestamp = {2014.01.16},
  url = {http://eurogoos2014.hidrografico.pt/}
}

@CONFERENCE{TROUPIN2013OSTST,
  author = {Troupin, C. and Lana, A. and Pujol, M.-I. and Pascual, A.},
  title = {{Interpolation of SLA using Diva: Near-real time application during
	a multi-sensor experiment in the Ibiza Channel}},
  booktitle = {Ocean Surface Topography Science Team Meeting},
  year = {2013},
  address = {Boulder (CO), U.S.A.},
  month = {8-11 October},
  note = {Poster},
  owner = {ctroupin},
  timestamp = {2014.01.16}
}

@CONFERENCE{TROUPIN08MEDCLIVAR,
  author = {C. Troupin and F. Lenartz and D. Sirjacobs},
  title = {{The Western Mediterranean sea surface temperature dynamics seen
	through complementary in situ, satellite and modeling approaches
	over the 1985-1995 period}},
  booktitle = {3rd MedCLIVAR-ESF Workshop},
  year = {2008},
  address = {Rhodes, Greece},
  month = {30 September},
  note = {Presentation},
  owner = {ctroupin},
  timestamp = {2014.01.16},
  url = {http://hdl.handle.net/2268/113374}
}

@CONFERENCE{TROUPIN2009EGU2,
  author = {C. Troupin and F. Lenartz and D. Sirjacobs and A. Alvera-Azc\'{a}rate
	and A. Barth and M. Ouberdous and J.-M. Beckers},
  title = {{Evolution of Western Mediterranean Sea Surface Temperature between
	1985 and 2005}},
  booktitle = {6th } # egu,
  year = {2009},
  address = {Vienna, Austria},
  month = {20 April},
  organization = {European Geosciences Union},
  note = {Presentation},
  owner = {ctroupin},
  timestamp = {2014.01.17},
  url = {{http://hdl.handle.net/2268/115796}}
}

@CONFERENCE{TROUPIN2012EGU,
  author = {Troupin, C. and Mach\'{i}n, F.},
  title = {{Negative wind anomalies generated a diminution of productivity in
	the North Atlantic in 2010}},
  booktitle = {9th } # egu,
  year = {2012},
  address = {Vienna, Austria},
  month = {27 April},
  organization = {European Geosciences Union},
  note = {Poster},
  owner = {ctroupin},
  timestamp = {2014.01.16},
  url = {{http://hdl.handle.net/2268/123991}}
}

@CONFERENCE{TROUPIN2012EOF2,
  author = {Troupin, C. and Mach\'{i}n, F.},
  title = {{Negative wind anomalies generated a diminution of productivity of
	in the North Atlantic in 2010}},
  booktitle = {II } # eof,
  year = {2012},
  address = {Madrid, Spain},
  month = {14 November},
  organization = {Puertos del Estado},
  note = {Poster},
  owner = {ctroupin},
  timestamp = {2014.01.16},
  url = {{http://hdl.handle.net/2268/134288}}
}

@CONFERENCE{TROUPIN2011EGU,
  author = {Troupin, C. and Mach\'{i}n, F.},
  title = {{Evidence of wind-induced temperature anomalies in the tropical and
	subtropical North Atlantic Ocean in winter-spring 2010}},
  booktitle = {8th } # egu,
  year = {2011},
  address = {Vienna, Austria},
  month = {April},
  organization = {European Geosciences Union},
  note = {Poster},
  owner = {ctroupin},
  timestamp = {2014.01.16},
  url = {{http://hdl.handle.net/2268/89790}}
}

@CONFERENCE{TROUPIN08SDN,
  author = {C. Troupin and F. Mach\'{i}n and M. Ouberdous and M. Rixen and D.
	Sirjacobs and J.-M. Beckers},
  title = {{Diva-4.2.1: presentation of the new features}},
  booktitle = {SeaDataNet 2nd Plenary Meeting},
  year = {2008},
  address = {Athens, Greece},
  month = {3 April},
  organization = {HCMR},
  note = {Poster},
  owner = {ctroupin},
  timestamp = {2014.01.16}
}

@CONFERENCE{TROUPIN08EBUS,
  author = {C. Troupin and F. Mach\'{i}n and M. Ouberdous and P. Sangr\`{a} and
	J.-M. Beckers},
  title = {{Climatology and circulation of the Azores-Canary region by Data-Interpolation
	Variational Analysis}},
  booktitle = {International Symposium on Eastern Boundary Upwelling Ecosystems},
  year = {2008},
  address = {Las Palmas de Gran Canaria, Spain},
  month = {2 June},
  owner = {ctroupin},
  timestamp = {2014.01.16},
  url = {http://hdl.handle.net/2268/114033}
}

@CONFERENCE{TROUPIN2009EGU,
  author = {C. Troupin and F. Mach\'{i}n and M. Ouberdous and D. Sirjacobs and
	J.-M. Beckers},
  title = {{High-resolution Climatology of the North-East Atlantic using Data-Interpolating
	Variational Analysis}},
  booktitle = {6th } # egu,
  year = {2009},
  address = {Vienna, Austria},
  month = {21 April},
  organization = {European Geosciences Union},
  note = {Presentation},
  owner = {ctroupin},
  timestamp = {2014.01.17},
  url = {{http://hdl.handle.net/2268/113163}}
}

@CONFERENCE{TROUPIN2009SICM,
  author = {C. Troupin and E. Mason and J.-M. Beckers and M.C. McWilliams and
	P. Sangr\`{a}},
  title = {{A new mechanism of upwelling generated filaments based on potential
	vorticity balance}},
  booktitle = {II Simposio Internacional de Ciencias del Mar},
  year = {2009},
  address = {Vigo, Spain},
  month = {27 April},
  note = {Presentation},
  owner = {ctroupin},
  timestamp = {2014.01.17},
  url = {{http://hdl.handle.net/2268/113149}}
}

@CONFERENCE{TROUPIN2009EGU4,
  author = {C. Troupin and E. Mason and J.-M. Beckers and P. Sangr\`{a}},
  title = {{A new mechanism of upwelling generated filaments based on potential
	vorticity balance}},
  booktitle = {6th } # egu,
  year = {2009},
  address = {Vienna, Austria},
  month = {19 April},
  organization = {European Geosciences Union},
  note = {Poster},
  owner = {ctroupin},
  timestamp = {2014.01.17},
  url = {{http://hdl.handle.net/2268/113239}}
}

@CONFERENCE{TROUPIN08ROMS,
  author = {C. Troupin and E. Mason and Sangr\`{a}},
  title = {{Vorticity balance in the Northwestern African Upwelling}},
  booktitle = {ROMS/TOMS European Workshop},
  year = {2008},
  address = {Grenoble, France},
  month = {6 October},
  note = {Poster},
  owner = {ctroupin},
  timestamp = {2014.01.16},
  url = {http://hdl.handle.net/2268/113664}
}

@CONFERENCE{TROUPIN08EBUS2,
  author = {C. Troupin and E. Mason and P. Sangr\`{a}},
  title = {{Vorticity balance in the Northwestern African Upwelling}},
  booktitle = {International Symposium on Eastern Boundary Upwelling Ecosystems},
  year = {2008},
  address = {Las Palmas de Gran Canaria, Spain},
  month = {2 June},
  organization = {ULPGC},
  note = {Poster},
  owner = {ctroupin},
  timestamp = {2014.01.16},
  url = {http://hdl.handle.net/2268/113238}
}

@CONFERENCE{TROUPIN2012EOF4,
  author = {Troupin, C. and Ouberdous, M. and Barth, A. and Alvera Azc\'{a}rate,
	A. and Sirjacobs, D. and Beckers, J.-M.},
  title = {{Generation of analysis and consistent error fields using the Data
	Interpolating Variational Analysis (Diva)}},
  booktitle = {II } # eof,
  year = {2012},
  address = {Madrid, Spain},
  month = {15 November},
  organization = {Puertos del Estado},
  note = {Poster},
  owner = {ctroupin},
  timestamp = {2014.01.16},
  url = {{http://hdl.handle.net/2268/134309}}
}

@CONFERENCE{TROUPIN2012EGU4,
  author = {Troupin, C. and Ouberdous, M. and Barth, A. and Alvera-Azc\'{a}rate,
	A. and Sirjacobs, D. and Beckers, J.-M.},
  title = {{Comparison between Optimal Interpolation (OI) and Data-Interpolating
	Variational Analysis (Diva) for the generation of analysis and error
	gridded fields}},
  booktitle = {9th } # egu,
  year = {2012},
  address = {Vienna, Austria},
  month = {24 April},
  organization = {European Geosciences Union},
  note = {Poster},
  owner = {ctroupin},
  timestamp = {2014.01.16},
  url = {{http://hdl.handle.net/2268/126586}}
}

@CONFERENCE{TROUPIN2010IMDIS2,
  author = {C. Troupin and M. Ouberdous and A. Barth and M. Bassompierre and
	C. Coatanoan and A. Grandi and S. {Lind Johansen} and O. Ostensen
	and H. Sagen and S. Scory and M. Tonani and M.-E. Toussaint and C.
	Tronconi and J.-M. Beckers},
  title = {{SeaDataNet regional climatologies: an overview}},
  booktitle = imdis,
  year = {2010},
  address = {Paris, France},
  month = {29 March},
  note = {Poster},
  owner = {ctroupin},
  timestamp = {2014.01.17},
  url = {{http://hdl.handle.net/2268/113108}}
}

@CONFERENCE{TROUPIN2013EGU,
  author = {C. Troupin and M. Ouberdous and A. Barth and J.-M. Beckers},
  title = {{Development of the Diva tool for the interpolation of oceanic data}},
  booktitle = {10th } # egu,
  year = {2013},
  address = {Vienna, Austria},
  month = {30 April},
  organization = {European Geosciences Union},
  note = {Poster},
  owner = {ctroupin},
  timestamp = {2014.02.20},
  url = {http://meetingorganizer.copernicus.org/EGU2013/EGU2013-6300.pdf}
}

@CONFERENCE{TROUPIN2011EGU2,
  author = {C. Troupin and M. Ouberdous and A. Barth and J.-M. Beckers and {the
	SeaDataNet-Diva team}},
  title = {{Overview and progresses of the SeaDataNet regional climatologies}},
  booktitle = {8th } # egu,
  year = {2011},
  address = {Vienna, Austria},
  month = {7 April},
  organization = {European Geosciences Union},
  note = {Poster},
  owner = {ctroupin},
  timestamp = {2014.01.16},
  url = {{http://hdl.handle.net/2268/89813}}
}

@CONFERENCE{TROUPIN2010IMDIS,
  author = {C. Troupin and M. Ouberdous and J.-M. Beckers},
  title = {{Godiva: a 4-dimension implementation of Diva}},
  booktitle = imdis,
  year = {2010},
  address = {Paris, France},
  month = {29 March},
  note = {Poster},
  owner = {ctroupin},
  timestamp = {2014.01.17},
  url = {{http://hdl.handle.net/2268/113111}}
}

@CONFERENCE{TROUPIN08DIVA,
  author = {C. Troupin and M. Ouberdous and F. Lenartz and D. Sirjacobs and J.-M.
	Beckers},
  title = {{Using Diva on large datasets: applications and tips}},
  booktitle = {3rd } # diva,
  year = {2008},
  address = {Calvi, France},
  month = {16 October},
  note = {Presentation},
  owner = {ctroupin},
  timestamp = {2014.01.16},
  url = {http://hdl.handle.net/2268/113247}
}

@CONFERENCE{TROUPIN08EGU,
  author = {C. Troupin and M. Ouberdous and F. Mach\'{i}n and M. Rixen and D.
	Sirjacobs and J.-M. Beckers},
  title = {{Three-dimensional analysis of oceanographic data with the software
	Diva}},
  booktitle = egu,
  year = {2008},
  address = {Vienna, Austria},
  month = {13 April},
  organization = {European Geosciences Union},
  note = {Poster},
  owner = {ctroupin},
  timestamp = {2014.01.16},
  url = {http://hdl.handle.net/2268/114101}
}

@CONFERENCE{TROUPIN08IMDIS,
  author = {C. Troupin and M. Ouberdous and M. Rixen and D. Sirjacobs and J.-M.
	Beckers},
  title = {{Implementation of hydrostatic constraint in the software Diva: Theory
	and applications}},
  booktitle = imdis,
  year = {2008},
  address = {Athens, Greece},
  month = {31 March},
  note = {Poster},
  owner = {ctroupin},
  timestamp = {2014.01.16},
  url = {http://hdl.handle.net/2268/114102}
}

@CONFERENCE{TROUPIN2014EOF1,
  author = {C. Troupin and A. Pascual and A. Lana and G. Valladeau and I. Pujol
	and J. Tintor\'{e}},
  title = {{Combined use of glider, radar and altimetry data to study a coastal
	current in the Western Mediterranean Sea}},
  booktitle = {III } # eof,
  year = {2014},
  address = {Las Palmas de Gran Canaria, Spain},
  month = {12 June},
  organization = {ULPGC},
  note = {Poster},
  owner = {ctroupin},
  timestamp = {2014.01.16},
  url = {http://ivcongresoccm.ulpgc.es/}
}

@CONFERENCE{TROUPIN2014EGO,
  author = {C. Troupin and A. Pascual and G. Valladeau and A. Lana and E. Heslop
	and S. Ruiz and M. Torner and N. Picot and J. Tintor\'{e}},
  title = {{Use of SARAL/AltiKa data in a multi-sensor approach: Application
	to the study of a coastal current in the Balearic Sea}},
  booktitle = {{6th EGO Meeting}},
  year = {2014},
  address = {Kiel, Germany},
  month = {17 June},
  note = {Poster},
  owner = {ctroupin},
  timestamp = {2014.01.16}
}

@CONFERENCE{TROUPIN2014EGU1,
  author = {Troupin, C. and Pascual, A. and Valladeau, G. and A. Lana and I.
	Pujol and Heslop, E. and Torner, M. and N. Picot and J. Tintor\'{e}},
  title = {{Combined use of glider, radar and altimetry data to study a coastal
	current in the western Mediterranean Sea}},
  booktitle = {11th } # egu,
  year = {2014},
  address = {Vienna, Austria},
  month = {30 April},
  organization = {European Geosciences Union},
  note = {Presentation},
  keywords = {DIVA, Mediterranean Sea, Interpolation},
  owner = {ctroupin},
  timestamp = {2014.02.20},
  url = {http://meetingorganizer.copernicus.org/EGU2014/EGU2014-3762.pdf}
}

@CONFERENCE{TROUPIN07SDN,
  author = {C. Troupin and M. Rixen and D. Sirjacobs and J.-M. Beckers},
  title = {{Diva: a Data Analysis Software with Generalized-Cross Validation
	and Quality Control}},
  booktitle = {SeaDataNet 1st Plenary Meeting},
  year = {2007},
  address = {Trieste, Italy},
  month = {19-20 March},
  organization = {OGS},
  note = {Poster},
  owner = {ctroupin},
  timestamp = {2014.01.16},
  url = {http://hdl.handle.net/2268/114402}
}

@CONFERENCE{TROUPIN2016INSTAC4,
  author = {C. Troupin and P.~Rotllan and I.~Serra and B.~Frontera},
  title = {{Dashboard, Communication and Training activities}},
  booktitle = {3rd CMEMS INSTAC Plenary Meeting},
  year = {2016},
  address = {Sophia-Antipolis, France},
  month = {26-27 October},
  organization = {ACRI},
  owner = {ctroupin},
  timestamp = {2016.10.10}
}

@CONFERENCE{TROUPIN2011CW,
  author = {C. Troupin and P. Sangr\`{a} and J. Ar\'{i}stegui},
  title = {{Mesoscale experiments and modelling - Cape Ghir}},
  booktitle = {CAIBEX workshop},
  year = {2011},
  address = {Vigo, Spain},
  month = {29 November},
  note = {Presentation},
  owner = {ctroupin},
  timestamp = {2014.01.17},
  url = {{http://hdl.handle.net/2268/113007}}
}

@CONFERENCE{TROUPIN07Grasmesh,
  author = {C. Troupin and P. Sangr\`{a} and J. Ar\'{i}stegui},
  title = {{Simulation of annual cycles of phytoplankton, zooplankton and nutrients
	to the South of Gran Canaria}},
  booktitle = {GraSMech Poster Day},
  year = {2007},
  address = {Louvain-la-Neuve, Belgium},
  month = {11 May},
  note = {Poster},
  owner = {ctroupin},
  timestamp = {2014.01.16},
  url = {http://hdl.handle.net/2268/114196}
}

@CONFERENCE{TROUPIN07IMBER,
  author = {C. Troupin and P. Sangr\`{a} and J. Ar\'{i}stegui},
  title = {{Simulation of annual cycles of phytoplankton, zooplankton and nutrients
	to the South of Gran Canaria}},
  booktitle = {Simposio GLOBEC-IMBER},
  year = {2007},
  address = {Valencia, Spain},
  month = {28 March},
  note = {Presentation},
  owner = {ctroupin},
  timestamp = {2014.01.16},
  url = {http://hdl.handle.net/2268/114198}
}

@CONFERENCE{TROUPIN2012EOF1,
  author = {Troupin, C. and Sangr\`{a}, P. and Ar\'{i}stegui, J. and Barreiro
	Gonz\'{a}lez, B. and Barton, D.},
  title = {{Upwelling, filament and eddies in the Canary Current upwelling system
	during the CAIBEX cruise (Summer 2009)}},
  booktitle = {II } # eof,
  year = {2012},
  address = {Madrid, Spain},
  month = {15 November},
  organization = {Puertos del Estado},
  note = {Poster},
  owner = {ctroupin},
  timestamp = {2014.01.16},
  url = {{http://hdl.handle.net/2268/134295}}
}

@CONFERENCE{TROUPIN2012ILCOD,
  author = {Troupin, C. and Sangr\`{a}, P. and Ar\'{i}stegui, J. and Beckers,
	J.-M. and Barton, E. D.},
  title = {{High-resolution measurements of an upwelling filament during the
	CAIBEX survey}},
  booktitle = {43rd } # clq,
  year = {2012},
  address = {Li\`{e}ge, Belgium},
  month = {2 May},
  organization = {GHER},
  note = {Poster},
  owner = {ctroupin},
  timestamp = {2014.01.16},
  url = {{http://hdl.handle.net/2268/112589}}
}

@CONFERENCE{TROUPIN2010OS,
  author = {C. Troupin and P. Sangr\`{a} and J. Ar\'{i}stegui and J.-M. Beckers
	and E. D. Barton},
  title = {{Modeling and observation of an upwelling filament off Cape Ghir
	(NW Africa) during the CAIBEX survey}},
  booktitle = os,
  year = {2010},
  address = {Portland (OR), U.S.A.},
  month = {22 February},
  organization = {American Geophysical Union},
  note = {Poster},
  owner = {ctroupin},
  timestamp = {2014.01.17},
  url = {{http://hdl.handle.net/2268/113144}}
}

@CONFERENCE{TROUPIN2016INSTAC1,
  author = {C. Troupin and I. Serra and J. Tintor\'{e}},
  title = {{Preparation for the future CMEMS Training Activities}},
  booktitle = {2nd CMEMS INSTAC Plenary Meeting},
  year = {2016},
  address = {Hamburg, Germany},
  month = {18-20 May},
  organization = {BSH},
  owner = {ctroupin},
  timestamp = {2015.10.01}
}

@CONFERENCE{TROUPIN06diva,
  author = {C. Troupin and D. Sirjacobs and J.-M. Beckers},
  title = {{Diva Graphical User Interface}},
  booktitle = {1st } # diva,
  year = {2006},
  address = {Li\`{e}ge, Belgium},
  month = {13 November},
  note = {Presentation},
  owner = {ctroupin},
  timestamp = {2014.01.16},
  url = {hdl.handle.net/2268/114401}
}

@CONFERENCE{TROUPIN2011EGU3,
  author = {C. Troupin and D. Sirjacobs and M. Rixen and P. Brasseur and J.-M.
	Brankart and A. Alvera-Azc\'{a}rate and A. Barth and A. Capet and
	M. Ouberdous and F. Lenartz and M.-E. Toussaint and J.-M. Beckers},
  title = {{Advanced Data Interpolating Variational Analysis. Application to
	climatological data}},
  booktitle = {8th } # egu,
  year = {2011},
  address = {Vienna, Austria},
  month = {7 April},
  organization = {European Geosciences Union},
  note = {Poster},
  owner = {ctroupin},
  timestamp = {2014.01.16},
  url = {{http://hdl.handle.net/2268/89795}}
}

@CONFERENCE{TROUPIN2011IODE,
  author = {C. Troupin and D. Sirjacobs and M. Rixen and P. Brasseur and J.-M.
	Brankart and A. Barth and A. Alvera-Azc\'{a}rate and A. Capet and
	M. Ouberdous and F. Lenartz and M.-E. Toussaint and J.-M. Beckers},
  title = {{Advanced Data Interpolating Variational Analysis. Application to
	climatological data}},
  booktitle = {IODE 50th Anniversary International Conference},
  year = {2011},
  address = {Li\`{e}ge, Belgium},
  month = {21 March},
  note = {Poster},
  owner = {ctroupin},
  timestamp = {2014.01.16},
  url = {{http://hdl.handle.net/2268/125254}}
}

@CONFERENCE{TROUPIN2015INSTAC1,
  author = {C. Troupin and J. Tintor\'{e} and {SOCIB Team}},
  title = {Task 4.4 : Communication},
  booktitle = {1st CMEMS INSTAC Plenary Meeting},
  year = {2015},
  address = {Bruxelles, Belgium},
  month = {23-24 September},
  organization = {EuroGOOS},
  owner = {ctroupin},
  timestamp = {2015.10.01}
}

@CONFERENCE{TROUPIN2015INSTAC2,
  author = {C. Troupin and J. Tintor\'{e} and {SOCIB Team}},
  title = {Task 4.5 : Training},
  booktitle = {1st CMEMS INSTAC Plenary Meeting},
  year = {2015},
  address = {Bruxelles, Belgium},
  month = {23-24 September},
  organization = {EuroGOOS},
  owner = {ctroupin},
  timestamp = {2015.10.01}
}

@CONFERENCE{PRIETO14PERSEUS,
  author = {G. Vizoso and C. Troupin and J. Tintor\'{e} and L. Prieto},
  title = {{GRUMERS: Web-site platform to upload jellyfish observations by workers
	involved in coastal services in the Balearic Sea}},
  booktitle = {3rd PERSEUS General Assembly \& Scientific Workshop},
  year = {2014},
  address = {Marrakesh, Morocco},
  month = {1-4 December},
  note = {Presentation},
  owner = {ctroupin},
  timestamp = {2014.11.24}
}

@CONFERENCE{WATELET2014EGU1,
  author = {Sylvain Watelet and Alexander Barth and Charles Troupin and Mohamed
	Ouberdous and Jean-Marie Beckers},
  title = {{Data-Interpolating Variational Analysis (DIVA) software : recent
	development and application}},
  booktitle = {11th } # egu,
  year = {2014},
  address = {Vienna, Austria},
  month = {29 April},
  organization = {European Geosciences Union},
  note = {Poster},
  keywords = {DIVA, Mediterranean Sea, Interpolation, Altimetry},
  owner = {ctroupin},
  timestamp = {2014.02.20},
  url = {http://meetingorganizer.copernicus.org/EGU2014/EGU2014-8555.pdf}
}

@CONFERENCE{WATELET2014EGU2,
  author = {Sylvain Watelet and Jean-Marie Beckers and Alexander Barth and Mohamed
	Ouberdous and Charles Troupin},
  title = {{Reconstruction of the Gulf Stream since 1900 and correlation with
	the North Atlantic Oscillation}},
  booktitle = {11th } # egu,
  year = {2014},
  address = {Vienna, Austria},
  month = {28 April},
  organization = {European Geosciences Union},
  note = {Presentation},
  keywords = {DIVA, Mediterranean Sea, Interpolation, Gulf Stream, NAO},
  owner = {ctroupin},
  timestamp = {2014.02.20},
  url = {http://meetingorganizer.copernicus.org/EGU2014/EGU2014-8469.pdf}
}

@CONFERENCE{BARTH2017EMODnet,
  author = {A. Barth and  C. Troupin and S. Watelet and A. Alvera Azc\'{a}rate and
  G. Santinelli and G. Hendriksen and J.-M. Beckers}
  title = {{OceanBrowser: Present services - status and possible optimisation}},
  booktitle = {EMODnet Chemistry 3 Technical Working Group},
  year = {2017},
  address = {Venice, Italy},
  month = {4-5 April},
  organization = {OGS},
  note = {Presentation},
  keywords = {DIVA, OceanBrowser, Mediterranean Sea, Interpolation},
  owner = {ctroupin},
  timestamp = {2017.04.15}
}


@comment{jabref-meta: selector_publisher:}

@comment{jabref-meta: selector_author:}

@comment{jabref-meta: selector_journal:}

@comment{jabref-meta: selector_keywords:}

