% This file was created with JabRef 2.7b.
% Encoding: ISO8859_1

@STRING{ag = {Advances in Geosciences}}

@STRING{arfm = {Annual Review of Fluid Mechanics}}

@STRING{asl = {Atmospheric Science Letters}}

@STRING{asr = {Advances in Space Research}}

@STRING{bams = {Bulletin of the American Meteorological Society}}

@STRING{blm = {Boundary-Layer Meteorology}}

@STRING{csr = {Continental Shelf Research}}

@STRING{dao = {Dynamics of Atmospheres and Oceans}}

@STRING{dsr = {Deep-Sea Research}}

@STRING{dsr1 = {Deep-Sea Research I}}

@STRING{dsr2 = {Deep-Sea Research II}}

@STRING{ees = {Environmental and Ecological Statistics}}

@STRING{erl = {Environmental Research Letters}}

@STRING{esr = {Earth-Science Reviews}}

@STRING{gbc = {Global Biogeochemical Cycles}}

@STRING{geb = {Global Ecology and Biogeography}}

@STRING{gmd = {Geoscientific Model Development}}

@STRING{grl = {Geophysical Research Letters}}

@STRING{ijclim = {International Journal of Climatology}}

@STRING{jaot = {Journal of Atmospheric and Oceanic Technology}}

@STRING{jas = {Journal of the Atmospheric Sciences}}

@STRING{jasa = {Journal of the American Statistical Association}}

@STRING{jclim = {Journal of Climate}}

@STRING{jcp = {Journal of Computational Physics}}

@STRING{jgr = {Journal of Geophysical Research}}

@STRING{jmr = {Journal of Marine Research}}

@STRING{jms = {Journal of Marine Systems}}

@STRING{jo = {Journal of Oceanography}}

@STRING{joo = {Journal of Operational Oceanography}}

@STRING{jpo = {Journal of Physical Oceanography}}

@STRING{lo = {Limnology and Oceanography}}

@STRING{marg = {Marine Geodesy}}

@STRING{mb = {Marine Biology}}

@STRING{mwr = {Monthly Weather Review}}

@STRING{oa = {Oceanologica Acta}}

@STRING{od = {Ocean Dynamics}}

@STRING{om = {Ocean Modelling}}

@STRING{os = {Ocean Science}}

@STRING{pce = {Physics and Chemistry of the Earth}}

@STRING{po = {Progress in Oceanography}}

@STRING{qjrms = {Quarterly Journal of the Royal Meteorological Society}}

@STRING{sg = {Surveys in Geophysics}}

@STRING{sm = {Scientia Marina}}

@ARTICLE{ALVERA2011OD,
  author = {A. Alvera-Azc\'{a}rate and C. Troupin and A. Barth and J.-M. Beckers},
  title = {Comparison between satellite and in situ sea surface temperature
	data in the {W}estern {M}editerranean {S}ea},
  journal = od,
  year = {2011},
  volume = {61},
  pages = {767-778},
  affiliation = {AGO-GHER-MARE, University of LiÃ¨ge, AllÃ©e du Six Aout, 17, Sart
	Tilman, LiÃ¨ge, 4000 Belgium},
  doi = {10.1007/s10236-011-0403-x},
  issn = {1616-7341},
  issue = {6},
  keyword = {Earth and Environmental Science},
  owner = {charles},
  publisher = {Springer Berlin / Heidelberg},
  timestamp = {2011.06.14},
  url = {http://www.springerlink.com/content/r5784271357u5400/}
}

@ARTICLE{BARTH2010AG,
  author = {A. Barth and A. Alvera-Azc\'{a}rate and C. Troupin and M. Ouberdous
	and J.-M. Beckers},
  title = {{A web interface for griding arbitrarily distributed in situ data
	based on Data-Interpolating Variational Analysis (DIVA)}},
  journal = ag,
  year = {2010},
  volume = {28},
  pages = {29-37},
  doi = {10.5194/adgeo-28-29-2010},
  owner = {charles},
  timestamp = {2010.10.31},
  url = {www.adv-geosci.net/28/29/2010/}
}

@ARTICLE{BARTH14,
  author = {A. Barth and J.-M. Beckers and C. Troupin and A. Alvera-Azc\'{a}rate
	and L. Vandenbulcke},
  title = {divand-1.0: n-dimensional variational data analysis for ocean observations},
  journal = gmd,
  year = {2014},
  volume = {7},
  pages = {225-241},
  doi = {10.5194/gmd-7-225-2014},
  owner = {ctroupin},
  timestamp = {2013.08.21},
  url = {http://www.geosci-model-dev.net/7/225/2014/gmd-7-225-2014.html}
}

@ARTICLE{BECKERS14,
  author = {J.-M. Beckers and A. Barth and C. Troupin and A. Alvera-Azc\'{a}rate},
  title = {{Some approximate and efficient methods to assess error fields in
	spatial gridding with DIVA (Data Interpolating Variational Analysis)}},
  journal = jaot,
  year = {2014},
  volume = {31},
  pages = {515-530},
  number = {2},
  month = {February},
  doi = {10.1175/JTECH-D-13-00130.1},
  keywords = {DIVA, interpolation, SeaDataNet},
  owner = {ctroupin},
  timestamp = {2013.08.21},
  url = {http://journals.ametsoc.org/doi/abs/10.1175/JTECH-D-13-00130.1}
}

@ARTICLE{BENAVIDES13,
  author = {M. Benavides and Javier Ar\'{i}stegui and N. S. R. Agawin and X.
	A. \'{A}lvarez-Salgado and M. \'{A}lvarez and C. Troupin},
  title = {{Low contribution of N$_2$ fixation to new production and excess
	nitrogen in the subtropical northeast Atlantic margin}},
  journal = {Deep-Sea Research I},
  year = {2013},
  volume = {81},
  pages = {36-48},
  number = {0},
  comment = {9 July 2013},
  doi = {10.1016/j.dsr.2013.07.004},
  issn = {0967-0637},
  owner = {ctroupin},
  timestamp = {2013.08.21},
  url = {http://www.sciencedirect.com/science/article/pii/S0967063713001386}
}

@ARTICLE{CAPET2014,
  author = {A. Capet and E. Mason and V. Rossi and C. Troupin and Y. Faug\`{e}re
	and I. Pujol and A. Pascual},
  title = {{Implications of refined altimetry on estimates of mesoscale activity
	and eddy-driven offshore transport in the Eastern Boundary Upwelling
	Systems}},
  journal = grl,
  year = {2014},
  volume = {41},
  pages = {7602-7610},
  number = {21},
  doi = {10.1002/2014GL061770},
  owner = {ctroupin},
  timestamp = {2014.09.09},
  url = {http://onlinelibrary.wiley.com/doi/10.1002/2014GL061770/abstract}
}

@ARTICLE{CAPET14,
  author = {A. Capet and C. Troupin and J. Carstensen and M. Gr\'{e}goire and
	J.-M. Beckers},
  title = {{Untangling spatial and temporal trends in the variability of the
	Black Sea Cold Intermediate Layer and Mixed Layer Depth using the
	DIVA detrending procedure}},
  journal = od,
  year = {2014},
  volume = {64},
  pages = {315-324},
  number = {3},
  month = {January},
  doi = {10.1007/s10236-013-0683-4},
  keywords = {Black Sea, Data interpolation, Detrending, Inverse method, 40Â°Nâ€“48Â°N
	27Â°Eâ€“42Â°E, Cold intermediate layer, Mixed layer depth, Climatologies},
  owner = {ctroupin},
  timestamp = {2013.08.21},
  url = {http://link.springer.com/article/10.1007%2Fs10236-013-0683-4}
}

@ARTICLE{JORDA2015,
  author = {G. Jord\`{a} and L. Houpert and D. Gomis and A. Bosse and P. Testor
	and J. Llasses and C. Troupin},
  title = {{Mapping the temperature and salinity of the Mediterranean Sea (1950-2014).
	Product description and sources of uncertainty}},
  journal = os,
  year = {2015},
  owner = {ctroupin},
  timestamp = {2015.02.10}
}

@ARTICLE{JUZA2016ASR,
  author = {M. Juza and Romain Escudier and Ananda Pascual and Marie-Isabelle
	Pujol and Guillaume Taburet and Charles Troupin and Baptiste Mourre
	and Joaquin Tintor\'{e}},
  title = {{Impacts of reprocessed altimetry on the surface circulation and
	variability of the Western Alboran Gyre}},
  journal = asr,
  year = {2016},
  volume = {58},
  pages = {277-288},
  number = {3},
  doi = {10.1016/j.asr.2016.05.026},
  owner = {ctroupin},
  timestamp = {2016.02.01},
  url = {http://www.sciencedirect.com/science/article/pii/S0273117716302125}
}

@ARTICLE{JUZA2016,
  author = {M. Juza and B. Mourre and L. Renault and S. G\'{o}mara and K. Sebasti\'{a}n
	and S. Lora and J. P. Beltran and B. Frontera and B. Garau and C.
	Troupin and M. Torner and E. Heslop and B. Casas and R. Escudier
	and G. Vizoso and J. Tintor\'{e}},
  title = {{SOCIB operational ocean forecasting system and multi-platform validation
	in the Western Mediterranean Sea}},
  journal = {Journal of Operational Oceanography},
  year = {2016},
  volume = {9},
  pages = {s155-s166},
  number = {sup1},
  doi = {10.1080/1755876X.2015.1117764},
  eprint = { http://dx.doi.org/10.1080/1755876X.2015.1117764},
  owner = {ctroupin},
  timestamp = {2016.07.11},
  url = {http://www.tandfonline.com/doi/full/10.1080/1755876X.2015.1117764#.V4M5xP7HjGc}
}

@ARTICLE{LENARTZ2010OS,
  author = {F. Lenartz and J.-M. Beckers and J. Chiggiato and B. Mourre and C.
	Troupin and L. Vandenbulcke and M. Rixen},
  title = {Super-ensemble techniques applied to wave forecast: performance and
	limitations},
  journal = os,
  year = {2010},
  volume = {6},
  pages = {595-604},
  number = {2},
  doi = {10.5194/os-6-595-2010},
  owner = {charles},
  timestamp = {2010.09.17},
  url = {http://www.ocean-sci.net/6/595/2010/os-6-595-2010.html}
}

@ARTICLE{LICER2017,
  author = {Licer, Matjaz and Mourre, Baptiste and Troupin, Charles and Krietemeyer,
	Andreas and Jans\'{a}, Agusti and Tintor\'{e}, Joaquín},
  title = {Numerical study of Balearic meteotsunami generation and propagation
	under synthetic gravity wave forcing},
  journal = {Ocean Modelling},
  year = {2017},
  volume = {111},
  pages = {38-45},
  month = {Mar},
  doi = {10.1016/j.ocemod.2017.02.001},
  issn = {1463-5003},
  owner = {ctroupin},
  publisher = {Elsevier BV},
  timestamp = {2017.02.08},
  url = {http://www.sciencedirect.com/science/article/pii/S1463500317300136}
}

@ARTICLE{MASON2010JGR,
  author = {E. Mason and F. Colas and J. Molemaker and A. F. Shchepetkin and
	C. Troupin and J. C. McWilliams and P. Sangr\`{a}},
  title = {Seasonal variability of the {C}anary {C}urrent: a numerical study},
  journal = jgr,
  year = {2011},
  volume = {116},
  pages = {C06001},
  number = {C6},
  doi = {10.1029/2010JC006665},
  owner = {charles},
  timestamp = {2010.09.17},
  url = {http://onlinelibrary.wiley.com/doi/10.1029/2010JC006665/abstract}
}

@ARTICLE{PASCUAL2014,
  author = {A. Pascual and A. Lana and C. Troupin and S. Ruiz and Y. Faug\`{e}re
	and R. Escudier and J. Tintor\'{e}},
  title = {{Assessing SARAL/AltiKa near-real time data in the coastal zone:
	comparisons with HF radar and Jason-2 observations}},
  journal = marg,
  year = {2015},
  volume = {38},
  pages = {260-276},
  number = {{Supplement 1}},
  note = {in press},
  doi = {10.1080/01490419.2015.1019656},
  owner = {ctroupin},
  timestamp = {2014.07.16},
  url = {http://www.tandfonline.com/doi/full/10.1080/01490419.2015.1019656}
}

@ARTICLE{PASCUAL2017,
  author = {Ananda Pascual and Simon Ruiz and Antonio Olita and Charles Troupin
	and Mariona Claret and Benjamin Casas and Baptiste Mourre and Pierre-Marie
	Poulain and Antonio Tovar-Sanchez and Arthur Capet and Evan Mason
	and {John T.} Allen and Amala Mahadevan and J. Tintor\'{e}},
  title = {A multiplatform experiment to unravel meso- and submesoscale processes
	in an intense front (AlborEx)},
  journal = {Frontiers in Marine Science},
  year = {2017},
  volume = {4},
  number = {39},
  doi = {10.3389/fmars.2017.00039},
  owner = {ctroupin},
  timestamp = {2017.02.02}
}

@ARTICLE{SANGRA15,
  author = {Sangr\`{a}, Pablo and Troupin, Charles and Barreiro-Gonz\'{a}lez,
	Beatriz and Barton, Eric Desmond and Orbi, Abdellatif and Ar\'{i}stegui,
	Javier},
  title = {{The Cape Ghir filament system in August 2009 (NW Africa)}},
  journal = jgr,
  year = {2015},
  volume = {120},
  pages = {4516-4533},
  number = {6},
  month = {May},
  doi = {10.1002/2014jc010514},
  issn = {2169-9275},
  owner = {ctroupin},
  publisher = {Wiley-Blackwell},
  timestamp = {2015.06.04},
  url = {http://onlinelibrary.wiley.com/doi/10.1002/2014JC010514/full}
}

@ARTICLE{SOTILLO2016,
  author = {M.G. Sotillo and E. Garcia-Ladona and A. Orfila and P. Rodr\'{i}guez-Rubio
	and J. C. Maraver and D. Conti and E. Padorno and J.A. Jim\'{e}nez
	and E. Cap\'{o} and F. P\'{e}rez and J.M. Sayol and F. J. {de los
	Santos} and A.~Amo and A.~Rietz and C.~Troupin and J.~Tintor\'{e}
	and E.~\'{A}lvarez-Fanjul},
  title = {{The MEDESS-GIB database: Tracking the Atlantic water inflow}},
  journal = {Earth System Science Data},
  year = {2016},
  volume = {8},
  pages = {141-149},
  doi = {10.5194/essd-8-141-2016},
  owner = {ctroupin},
  timestamp = {2016.02.01},
  url = {http://www.earth-syst-sci-data.net/8/141/2016/}
}

@PHDTHESIS{TroupinPHD,
  author = {C. Troupin},
  title = {Study of the {C}ape {G}hir upwelling filament using variational data
	analysis and regional numerical model},
  school = {University of Li\`{e}ge},
  year = {2011},
  month = {September},
  note = {{224 pp}},
  owner = {charles},
  timestamp = {2012.07.16},
  url = {http://hdl.handle.net/2268/105400}
}

@PROCEEDINGS{TROUPIN15a,
  title = {Oceanographic data management at the Balearic Islands Coastal Ocean
	Observing and Forecasting System (SOCIB)},
  year = {2015},
  organization = {EuroGOOS},
  author = {C. Troupin and J.P. Beltran and B. Frontera and S. G\'{o}mara and
	S. Lora and D. March and K. Sebastian and J. Tintor\'{e}},
  booktitle = {7th EuroGOOS Conference},
  comment = {Submitted.},
  owner = {ctroupin},
  timestamp = {2015.02.10}
}

@ARTICLE{TROUPIN16,
  author = {C. Troupin and J.P.~Beltran and E.~Heslop and M~Torner and B.~Garau
	and J.~Allen and S.~Ruiz and J.~Tintor\'{e}},
  title = {{A toolbox for glider data processing and management}},
  journal = {Methods in Oceanography},
  year = {2015},
  volume = {{13-14}},
  pages = {13-23},
  doi = {10.1016/j.mio.2016.01.001},
  owner = {ctroupin},
  timestamp = {2016.01.04},
  url = {http://www.sciencedirect.com/science/article/pii/S2211122015300207}
}

@ARTICLE{TROUPIN2010JGR,
  author = {C. Troupin and F. Mach\'{i}n and M. Ouberdous and D. Sirjacobs and
	A. Barth and J.-M. Beckers},
  title = {High-resolution Climatology of the North-East {A}tlantic using {D}ata-{I}nterpolating
	{V}ariational {A}nalysis (\textsf{Diva})},
  journal = jgr,
  year = {2010},
  volume = {115},
  pages = {C08005},
  number = {C8},
  doi = {10.1029/2009JC005512},
  owner = {charles},
  timestamp = {2009.12.10},
  url = {http://www.agu.org/pubs/crossref/2010/2009JC005512.shtml}
}

@ARTICLE{TROUPIN2012OM,
  author = {C. Troupin and E.~Mason and J.-M.~Beckers and P.~Sangr\`{a}},
  title = {Generation of the {C}ape {G}hir upwelling filament: a numerical study},
  journal = om,
  year = {2012},
  volume = {41},
  pages = {1-15},
  doi = {10.1016/j.ocemod.2011.09.001},
  owner = {charles},
  timestamp = {2011.05.31},
  url = {http://www.sciencedirect.com/science/article/pii/S1463500311001557}
}

@ARTICLE{TROUPIN2015,
  author = {C. Troupin and A. Pascual and G. Valladeau and I. Pujol and A. Lana
	and E. Heslop and S. Ruiz and M. Torner and N. Picot and J. Tintor\'{e}},
  title = {{Illustration of the emerging capabilities of SARAL/AltiKa in the
	coastal zone using a multi-platform approach}},
  journal = asr,
  year = {2015},
  volume = {55},
  pages = {51-59},
  number = {1},
  doi = {10.1016/j.asr.2014.09.011},
  owner = {ctroupin},
  timestamp = {2014.07.16},
  url = {http://www.sciencedirect.com/science/article/pii/S0273117714005754}
}

@ARTICLE{TROUPIN2010JMS,
  author = {C. Troupin and P. Sangr\`{a} and J. Ar\'{i}stegui},
  title = {{Seasonal variability of the oceanic upper layer and its modulation
	of biological cycles in the Canary Island region}},
  journal = jms,
  year = {2010},
  volume = {80},
  pages = {172-183},
  number = {3-4},
  doi = {10.1016/j.jmarsys.2009.10.007},
  owner = {Charles},
  timestamp = {2008.08.12},
  url = {http://www.sciencedirect.com/science/article/B6VF5-4XMKB67-1/2/326bcf54e891969eb6191ec534805d35}
}

@ARTICLE{TROUPIN2012bOM,
  author = {C. Troupin and D. Sirjacobs and M. Rixen and P. Brasseur and J.-M.
	Brankart and A. Barth and A. Alvera-Azc\'{a}rate and A. Capet and
	M. Ouberdous and F. Lenartz and M.-E. Toussaint and J.-M. Beckers},
  title = {{Generation of analysis and consistent error fields using the Data
	Interpolating Variational Analysis (Diva)}},
  journal = om,
  year = {2012},
  volume = {52-53},
  pages = {90-101},
  doi = {10.1016/j.ocemod.2012.05.002},
  owner = {Charles},
  timestamp = {2008.11.15},
  url = {http://www.sciencedirect.com/science/article/pii/S1463500312000790}
}

@ARTICLE{TYBERGHEIN2011GEB,
  author = {L. Tyberghein and H. Verbruggen and K. Pauly and C. Troupin and F.
	Mineur and O. {De~Clerck}},
  title = {{ORACLE}: a global environmental dataset for marine species distribution
	modeling},
  journal = {Global Ecology and Biogeography},
  year = {2012},
  volume = {21},
  pages = {272-281},
  number = {2},
  doi = {10.1111/j.1466-8238.2011.00656.x},
  owner = {charles},
  timestamp = {2010.09.17},
  url = {http://onlinelibrary.wiley.com/doi/10.1111/j.1466-8238.2011.00656.x/pdf}
}

@comment{jabref-meta: selector_publisher:}

@comment{jabref-meta: selector_author:}

@comment{jabref-meta: selector_journal:}

@comment{jabref-meta: selector_keywords:}

