% This file was created with JabRef 2.7b.
% Encoding: ISO8859_1

@INCOLLECTION{BARTH2017Book,
  author = {A.~Barth and S. Watelet and C. Troupin and A. Alvera-Azc\'{a}rate
	and J.-M. Beckers},
  title = {{Analysis of Ocean In Situ Observations and Web-Based Visualization:
	From Individual Measurements to an Integrated View}},
  booktitle = {{Oceanographic and Marine Cross­Domain Data Management for Sustainable
	Development}},
  publisher = {{IGI Global}},
  year = {2017},
  chapter = {15},
  pages = {{27 pp.}},
  doi = {10.4018/978-1-5225-0700-0.ch015},
  owner = {ctroupin},
  timestamp = {2016.02.18},
  url = {http://www.igi-global.com/chapter/analysis-of-ocean-in-situ-observations-and-web-based-visualization/166848}
}

