% This file was created with JabRef 2.10.
% Encoding: UTF8


@Article{ALVERA2011OD,
  Title                    = {Comparison between satellite and in situ sea surface temperature data in the {W}estern {M}editerranean {S}ea},
  Author                   = {A. Alvera-Azc\'{a}rate and C. Troupin and A. Barth and J.-M. Beckers},
  Journal                  = {Ocean Dynamics},
  Year                     = {2011},
  Pages                    = {767-778},
  Volume                   = {61},

  Affiliation              = {AGO-GHER-MARE, University of Liège, Allée du Six Aout, 17, Sart Tilman, Liège, 4000 Belgium},
  Doi                      = {10.1007/s10236-011-0403-x},
  ISSN                     = {1616-7341},
  Issue                    = {6},
  Keyword                  = {Earth and Environmental Science},
  Owner                    = {charles},
  Timestamp                = {2011.06.14},
  Url                      = {http://www.springerlink.com/content/r5784271357u5400/}
}

@Article{BARTH2010AG,
  Title                    = {{A web interface for griding arbitrarily distributed in situ data based on Data-Interpolating Variational Analysis (DIVA)}},
  Author                   = {A. Barth and A. Alvera-Azc\'{a}rate and C. Troupin and M. Ouberdous and J.-M. Beckers},
  Journal                  = {Advances in Geosciences},
  Year                     = {2010},
  Pages                    = {29-37},
  Volume                   = {28},

  Doi                      = {10.5194/adgeo-28-29-2010},
  Owner                    = {charles},
  Timestamp                = {2010.10.31},
  Url                      = {www.adv-geosci.net/28/29/2010/}
}

@Article{BARTH14,
  Title                    = {{divand-1.0: n-dimensional variational data analysis for ocean observations}},
  Author                   = {A. Barth and J.-M. Beckers and C. Troupin and A. Alvera-Azc\'{a}rate and L. Vandenbulcke},
  Journal                  = {Geoscientific Model Development},
  Year                     = {2014},
  Pages                    = {225-241},
  Volume                   = {7},

  Doi                      = {10.5194/gmd-7-225-2014},
  Owner                    = {ctroupin},
  Timestamp                = {2013.08.21},
  Url                      = {http://www.geosci-model-dev.net/7/225/2014/gmd-7-225-2014.html}
}

@Article{BARTH18,
  Title                    = {{The 48th Liege Colloquium: Submesoscale processes: mechanisms, implications, and new frontiers}},
  Author                   = {A. Barth and A. Mahadevan and A. Pascual and S. Ruiz and C. Troupin},
  Journal                  = {Ocean Dynamics},
  Year                     = {2018},
  Number                   = {8},
  Pages                    = {1067-1069},
  Volume                   = {68},

  Doi                      = {10.1007/s10236-018-1173-5},
  Owner                    = {ctroupin},
  Timestamp                = {2018.06.18},
  Url                      = {https://link.springer.com/article/10.1007/s10236-018-1173-5}
}

@InProceedings{BARTH2016IMDIS,
  Title                    = {{OceanBrowser: on-line visualization of gridded ocean data and in situ observations}},
  Author                   = {Alexander Barth and Sylvain Watelet and Charles. Troupin and Alvera-Azc\'{a}rate, Aida and Giorgio Santinelli and Gerrit Hendriksen and Alessandra Giorgetti and Jean-Marie Beckers},
  Booktitle                = {{Bollettino di Geofisica teorica ed applicata - IMDIS 2016 International Conference on Marine Data and Information Systems}},
  Year                     = {2016},
  Editor                   = {Istituto Nazionale di Oceanografia e di Geofisica Sperimentale},
  Month                    = {October},
  Organization             = {IOPAN and IMGW},
  Pages                    = {39-40},
  Volume                   = {57 - supplement},

  Owner                    = {ctroupin},
  Timestamp                = {2018.12.27},
  Url                      = {http://www3.ogs.trieste.it/bgta/pdf/IMDIS2016.pdf}
}

@Article{BECKERS14,
  Title                    = {{Approximate and efficient methods to assess error fields in spatial gridding with DIVA (Data Interpolating Variational Analysis)}},
  Author                   = {J.-M. Beckers and A. Barth and C. Troupin and A. Alvera-Azc\'{a}rate},
  Journal                  = {Journal of Atmospheric and Oceanic Technology},
  Year                     = {2014},

  Month                    = {February},
  Number                   = {2},
  Pages                    = {515-530},
  Volume                   = {31},

  Doi                      = {10.1175/JTECH-D-13-00130.1},
  Keywords                 = {DIVA, interpolation, SeaDataNet},
  Owner                    = {ctroupin},
  Timestamp                = {2013.08.21},
  Url                      = {http://journals.ametsoc.org/doi/abs/10.1175/JTECH-D-13-00130.1}
}

@Article{BENAVIDES13,
  Title                    = {{Low contribution of N$_2$ fixation to new production and excess nitrogen in the subtropical northeast Atlantic margin}},
  Author                   = {M. Benavides and Javier Ar\'{i}stegui and N. S. R. Agawin and X. A. \'{A}lvarez-Salgado and M. \'{A}lvarez and C. Troupin},
  Journal                  = {Deep-Sea Research I},
  Year                     = {2013},
  Number                   = {0},
  Pages                    = {36-48},
  Volume                   = {81},

  Comment                  = {9 July 2013},
  Doi                      = {10.1016/j.dsr.2013.07.004},
  ISSN                     = {0967-0637},
  Owner                    = {ctroupin},
  Timestamp                = {2013.08.21},
  Url                      = {http://www.sciencedirect.com/science/article/pii/S0967063713001386}
}

@Article{CAPET2014,
  Title                    = {{Implications of refined altimetry on estimates of mesoscale activity and eddy-driven offshore transport in the Eastern Boundary Upwelling Systems}},
  Author                   = {A. Capet and E. Mason and V. Rossi and C. Troupin and Y. Faug\`{e}re and I. Pujol and A. Pascual},
  Journal                  = {Geophysical Research Letters},
  Year                     = {2014},
  Number                   = {21},
  Pages                    = {7602-7610},
  Volume                   = {41},

  Doi                      = {10.1002/2014GL061770},
  Owner                    = {ctroupin},
  Timestamp                = {2014.09.09},
  Url                      = {http://onlinelibrary.wiley.com/doi/10.1002/2014GL061770/abstract}
}

@Article{CAPET14,
  Title                    = {{Untangling spatial and temporal trends in the variability of the Black Sea Cold Intermediate Layer and mixed Layer Depth using the DIVA detrending procedure}},
  Author                   = {A. Capet and C. Troupin and J. Carstensen and M. Gr\'{e}goire and J.-M. Beckers},
  Journal                  = {Ocean Dynamics},
  Year                     = {2014},

  Month                    = {January},
  Number                   = {3},
  Pages                    = {315-324},
  Volume                   = {64},

  Doi                      = {10.1007/s10236-013-0683-4},
  Keywords                 = {Black Sea, Data interpolation, Detrending, Inverse method, 40°N–48°N 27°E–42°E, Cold intermediate layer, Mixed layer depth, Climatologies},
  Owner                    = {ctroupin},
  Timestamp                = {2013.08.21},
  Url                      = {http://link.springer.com/article/10.1007%2Fs10236-013-0683-4}
}

@Article{IONA2018B,
  Title                    = {{Mediterranean Sea climatic indices: monitoring long-term variability and climate changes}},
  Author                   = {Iona, A. and Theodorou, A. and Sofianos, S. and Watelet, S. and Troupin, C. and Beckers, J.-M.},
  Journal                  = {{Earth System Science Data}},
  Year                     = {2018},
  Number                   = {4},
  Pages                    = {1829-1842},
  Volume                   = {10},

  Doi                      = {10.5194/essd-10-1829-2018},
  Owner                    = {ctroupin},
  Timestamp                = {2018.07.13},
  Url                      = {https://www.earth-syst-sci-data.net/10/1829/2018/essd-10-1829-2018.html}
}

@Article{IONA18A,
  Title                    = {{Mediterranean Sea Hydrographic Atlas: towards optimal data analysis by including time-dependent statistical parameters}},
  Author                   = {Iona, Athanasia and Theodorou, Athanasios and Watelet, Sylvain and Troupin, Charles and Beckers, Jean-Marie and Simoncelli, Simona},
  Journal                  = {Earth System Science Data},
  Year                     = {2018},

  Month                    = {Jul},
  Number                   = {3},
  Pages                    = {1281-1300},
  Volume                   = {10},

  Doi                      = {10.5194/essd-10-1281-2018},
  ISSN                     = {1866-3516},
  Owner                    = {ctroupin},
  Publisher                = {Copernicus GmbH},
  Timestamp                = {2018.09.21},
  Url                      = {https://www.earth-syst-sci-data.net/10/1281/2018/}
}

@Article{JORDA2015,
  Title                    = {{Mapping the temperature and salinity of the Mediterranean Sea (1950-2014). Product description and sources of uncertainty}},
  Author                   = {G. Jord\`{a} and L. Houpert and D. Gomis and A. Bosse and Pierre Testor and Josep Llasses and Charles Troupin},
  Journal                  = {Ocean Science},
  Year                     = {in prep.},

  Owner                    = {ctroupin},
  Timestamp                = {2015.02.10}
}

@Article{JUZA2016ASR,
  Title                    = {{Impacts of reprocessed altimetry on the surface circulation and variability of the Western Alboran Gyre}},
  Author                   = {M. Juza and Romain Escudier and Ananda Pascual and Marie-Isabelle Pujol and Guillaume Taburet and Charles Troupin and Baptiste Mourre and Joaquin Tintor\'{e}},
  Journal                  = {Advances in Space Research},
  Year                     = {2016},
  Number                   = {3},
  Pages                    = {277-288},
  Volume                   = {58},

  Doi                      = {10.1016/j.asr.2016.05.026},
  Owner                    = {ctroupin},
  Timestamp                = {2016.02.01},
  Url                      = {http://www.sciencedirect.com/science/article/pii/S0273117716302125}
}

@Article{JUZA2016,
  Title                    = {{SOCIB operational ocean forecasting system and multi-platform validation in the Western Mediterranean Sea}},
  Author                   = {M. Juza and B. Mourre and L. Renault and S. G\'{o}mara and K. Sebasti\'{a}n and S. Lora and J. P. Beltran and B. Frontera and B. Garau and C. Troupin and M. Torner and E. Heslop and B. Casas and R. Escudier and G. Vizoso and J. Tintor\'{e}},
  Journal                  = {Journal of Operational Oceanography},
  Year                     = {2016},
  Number                   = {sup1},
  Pages                    = {s155-s166},
  Volume                   = {9},

  Doi                      = {10.1080/1755876X.2015.1117764},
  Eprint                   = { http://dx.doi.org/10.1080/1755876X.2015.1117764},
  Owner                    = {ctroupin},
  Timestamp                = {2016.07.11},
  Url                      = {http://www.tandfonline.com/doi/full/10.1080/1755876X.2015.1117764#.V4M5xP7HjGc}
}

@InProceedings{JUZA2015,
  Title                    = {{WMOP: Western Mediterranean SOCIB high-resolution ocean forecasting system}},
  Author                   = {M. Juza and B. Mourre and L. Renault and S. Gómara and K. Sebastián and S. Lora and J.P. Beltran and B. Frontera and C. Troupin and M. Torner and E. Heslop and G. Vizoso and B. Casas and J. Tintoré},
  Booktitle                = {Proceedings of the Seventh EuroGOOS International Conference:},
  Year                     = {2015},

  Address                  = {Lisbon, Portugal},
  Editor                   = {Erik Buch and Yota Antoniou and Dina Eparkhina and Glenn Nolan},
  Month                    = {October 28-30},
  Note                     = {ISBN 978-2-9601883-1-8},
  Organization             = {EuroGOOS},
  Pages                    = {347-355},

  Owner                    = {ctroupin},
  Timestamp                = {2015.02.10},
  Url                      = {http://eurogoos.eu/download/publications/EuroGOOS-2014-Conference-Proceedings.pdf}
}

@Article{LENARTZ2010OS,
  Title                    = {Super-ensemble techniques applied to wave forecast: performance and limitations},
  Author                   = {F. Lenartz and J.-M. Beckers and J. Chiggiato and B. Mourre and C. Troupin and L. Vandenbulcke and M. Rixen},
  Journal                  = {Ocean Science},
  Year                     = {2010},
  Number                   = {2},
  Pages                    = {595-604},
  Volume                   = {6},

  Doi                      = {10.5194/os-6-595-2010},
  Owner                    = {charles},
  Timestamp                = {2010.09.17},
  Url                      = {http://www.ocean-sci.net/6/595/2010/os-6-595-2010.html}
}

@InProceedings{LENARTZ2017,
  Title                    = {Data Interpolating Variational Analysis for the Generation of Atmospheric Pollution Maps at Various Scales},
  Author                   = {Lenartz, Fabian and Troupin, Charles and Lefebvre, Wouter},
  Booktitle                = {{International Technical Meeting on Air Pollution Modelling and its Application}},
  Year                     = {2017},
  Month                    = {Sep},
  Pages                    = {231-235},
  Publisher                = {Springer International Publishing},

  Doi                      = {10.1007/978-3-319-57645-9_37},
  ISBN                     = {9783319576459},
  ISSN                     = {2213-8692},
  Journal                  = {{Springer Proceedings in Complexity}},
  Owner                    = {ctroupin},
  Timestamp                = {2017.10.25},
  Url                      = {https://link.springer.com/chapter/10.1007%2F978-3-319-57645-9_37}
}

@Article{LICER2017,
  Title                    = {{Numerical study of Balearic meteotsunami generation and propagation under synthetic gravity wave forcing}},
  Author                   = {Licer, Matjaz and Mourre, Baptiste and Troupin, Charles and Krietemeyer, Andreas and Jans\'{a}, Agusti and Tintor\'{e}, Joaqu�n},
  Journal                  = {Ocean Modelling},
  Year                     = {2017},

  Month                    = {Mar},
  Pages                    = {38-45},
  Volume                   = {111},

  Doi                      = {10.1016/j.ocemod.2017.02.001},
  ISSN                     = {1463-5003},
  Owner                    = {ctroupin},
  Publisher                = {Elsevier BV},
  Timestamp                = {2017.02.08},
  Url                      = {http://www.sciencedirect.com/science/article/pii/S1463500317300136}
}

@Article{MASON2010JGR,
  Title                    = {Seasonal variability of the {C}anary {C}urrent: a numerical study},
  Author                   = {E. Mason and F. Colas and J. Molemaker and A. F. Shchepetkin and C. Troupin and J. C. McWilliams and P. Sangr\`{a}},
  Journal                  = {Journal of Geophysical Research},
  Year                     = {2011},
  Number                   = {C6},
  Pages                    = {C06001},
  Volume                   = {116},

  Doi                      = {10.1029/2010JC006665},
  Owner                    = {charles},
  Timestamp                = {2010.09.17},
  Url                      = {https://agupubs.onlinelibrary.wiley.com/doi/epdf/10.1029/2010JC006665}
}

@Article{PASCUAL2014,
  Title                    = {{Assessing SARAL/AltiKa near-real time data in the coastal zone: comparisons with HF radar and Jason-2 observations}},
  Author                   = {A. Pascual and A. Lana and C. Troupin and S. Ruiz and Y. Faug\`{e}re and R. Escudier and J. Tintor\'{e}},
  Journal                  = {Marine Geodesy},
  Year                     = {2015},
  Number                   = {{Supplement 1}},
  Pages                    = {260-276},
  Volume                   = {38},

  Doi                      = {10.1080/01490419.2015.1019656},
  Owner                    = {ctroupin},
  Timestamp                = {2014.07.16},
  Url                      = {http://www.tandfonline.com/doi/full/10.1080/01490419.2015.1019656}
}

@Article{PASCUAL2017,
  Title                    = {{A multiplatform experiment to unravel meso- and submesoscale processes in an intense front (AlborEx)}},
  Author                   = {Ananda Pascual and Simon Ruiz and Antonio Olita and Charles Troupin and Mariona Claret and Benjamin Casas and Baptiste Mourre and Pierre-Marie Poulain and Antonio Tovar-Sanchez and Arthur Capet and Evan Mason and {John T.} Allen and Amala Mahadevan and J. Tintor\'{e}},
  Journal                  = {Frontiers in Marine Science},
  Year                     = {2017},
  Number                   = {39},
  Pages                    = {1-16},
  Volume                   = {4},

  Doi                      = {10.3389/fmars.2017.00039},
  Owner                    = {ctroupin},
  Timestamp                = {2017.02.02},
  Url                      = {http://journal.frontiersin.org/article/10.3389/fmars.2017.00039/full}
}

@InProceedings{INSTAC2016IMDIS,
  Title                    = {{Marine environmental data bases: infrastructures and data access systems Copernicus Marine Environment Monitoring Service In Situ TAC: an In situ operational data provision system for operational oceanography}},
  Author                   = {Petit de la Villéon, Loïc and Pouliquen, Sylvie and H. Wehde and J. Tintore and T. Carval and Ringheim, L. Sjur and S. Tamm and Tarot, S. and Marinova, V. and L. Perivoliotis, de Alfonso Alonso-Muñoyerro, Marta and Thomas Hammarklint and Manzano Muñoz, Fernando and Charles Troupin and Kevin Balem and Corentin Guyot},
  Booktitle                = {{Bollettino di Geofisica teorica ed applicata - IMDIS 2016 International Conference on Marine Data and Information Systems}},
  Year                     = {2016},
  Editor                   = {Istituto Nazionale di Oceanografia e di Geofisica Sperimentale},
  Month                    = {October},
  Organization             = {IOPAN and IMGW},
  Pages                    = {149-150},
  Volume                   = {57 - supplement},

  Owner                    = {ctroupin},
  Timestamp                = {2018.12.27},
  Url                      = {http://www3.ogs.trieste.it/bgta/pdf/IMDIS2016.pdf}
}

@Article{RUIZ2019,
  Title                    = {{Effects of oceanic meso- and submeso-scale frontal processes on the vertical transport of phytoplankton}},
  Author                   = {Simon Ruiz and Mariona Claret and Ananda Pascual and Antonio Olita and Charles Troupin and Arthur Capet and Antonio {Tovar-Sanchez} and John Allen and Pierre-Marie Poulain and Joaquin Tintor\'{e} and Amala Mahadevan},
  Journal                  = {Journal of Geophysical Research},
  Year                     = {2019},

  Doi                      = {10.1029/2019JC015034},
  Owner                    = {ctroupin},
  Timestamp                = {2018.08.02}
}

@Article{SANGRA15,
  Title                    = {{The Cape Ghir filament system in August 2009 (NW Africa)}},
  Author                   = {Sangr\`{a}, Pablo and Troupin, Charles and Barreiro-Gonz\'{a}lez, Beatriz and Barton, Eric Desmond and Orbi, Abdellatif and Ar\'{i}stegui, Javier},
  Journal                  = {Journal of Geophysical Research},
  Year                     = {2015},

  Month                    = {May},
  Number                   = {6},
  Pages                    = {4516-4533},
  Volume                   = {120},

  Doi                      = {10.1002/2014jc010514},
  ISSN                     = {2169-9275},
  Owner                    = {ctroupin},
  Publisher                = {Wiley-Blackwell},
  Timestamp                = {2015.06.04},
  Url                      = {http://onlinelibrary.wiley.com/doi/10.1002/2014JC010514/full}
}

@Article{SOTILLO2016,
  Title                    = {{The MEDESS-GIB database: Tracking the Atlantic water inflow}},
  Author                   = {M.G. Sotillo and E. Garcia-Ladona and A. Orfila and P. Rodr\'{i}guez-Rubio and J. C. Maraver and D. Conti and E. Padorno and J.A. Jim\'{e}nez and E. Cap\'{o} and F. P\'{e}rez and J.M. Sayol and F. J. {de los Santos} and A.~Amo and A.~Rietz and C.~Troupin and J.~Tintor\'{e} and E.~\'{A}lvarez-Fanjul},
  Journal                  = {Earth System Science Data},
  Year                     = {2016},
  Pages                    = {141-149},
  Volume                   = {8},

  Doi                      = {10.5194/essd-8-141-2016},
  Owner                    = {ctroupin},
  Timestamp                = {2016.02.01},
  Url                      = {http://www.earth-syst-sci-data.net/8/141/2016/}
}

@PhdThesis{TroupinPHD,
  Title                    = {Study of the {C}ape {G}hir upwelling filament using variational data analysis and regional numerical model},
  Author                   = {C. Troupin},
  School                   = {University of Li\`{e}ge},
  Year                     = {2011},
  Month                    = {September},
  Note                     = {{224 pp}},

  Owner                    = {charles},
  Timestamp                = {2012.07.16},
  Url                      = {http://hdl.handle.net/2268/105400}
}

@Article{TROUPIN16,
  Title                    = {{A toolbox for glider data processing and management}},
  Author                   = {C. Troupin and J.P. Belltran and E. Heslop and M. Torner and B. Garau and J. Allen and S. Ruiz and J. Tintoré},
  Journal                  = {Methods in Oceanography},
  Year                     = {2015},
  Pages                    = {13-23},
  Volume                   = {{13-14}},

  Doi                      = {10.1016/j.mio.2016.01.001},
  Owner                    = {ctroupin},
  Timestamp                = {2016.01.04},
  Url                      = {http://www.sciencedirect.com/science/article/pii/S2211122015300207}
}

@InProceedings{TROUPIN15a,
  Title                    = {{Oceanographic data management at the Balearic Islands Coastal Ocean Observing and Forecasting System (SOCIB)}},
  Author                   = {C. Troupin and J.P. Beltran and B. Frontera and S. G\'{o}mara and S. Lora and D. March and K. Sebastian and J. Tintor\'{e}},
  Booktitle                = {Proceedings of the Seventh EuroGOOS International Conference},
  Year                     = {2015},

  Address                  = {Lisbon, Portugal},
  Editor                   = {Erik Buch and Yota Antoniou and Dina Eparkhina and Glenn Nolan},
  Month                    = {October 28-30},
  Note                     = {ISBN 978-2-9601883-1-8},
  Organization             = {EuroGOOS},
  Pages                    = {177-184},

  Owner                    = {ctroupin},
  Timestamp                = {2015.02.10},
  Url                      = {http://eurogoos.eu/download/publications/EuroGOOS-2014-Conference-Proceedings.pdf}
}

@InProceedings{TROUPIN2016IMDIS2,
  Title                    = {{Medclic: the Mediterranean in one click}},
  Author                   = {C. Troupin and B. Frontera and Beltran, Joan Pau and Andreas Krietemeyer and Kristian Sebastian and Sonia Gómara and Miquel Gomila and Romain Escudier and Mélanie Juza and Baptiste Mourre and \`{A}ngels Garau and Tomeu Cañellas and Joaqu\'{i}n Tintor\'{e}},
  Booktitle                = {{Bollettino di Geofisica teorica ed applicata - IMDIS 2016 International Conference on Marine Data and Information Systems}},
  Year                     = {2016},
  Editor                   = {Istituto Nazionale di Oceanografia e di Geofisica Sperimentale},
  Month                    = {October},
  Organization             = {IOPAN and IMGW},
  Volume                   = {57 - supplement},

  Owner                    = {ctroupin},
  Timestamp                = {2018.12.27},
  Url                      = {http://www3.ogs.trieste.it/bgta/pdf/IMDIS2016.pdf}
}

@Article{TROUPIN2010JGR,
  Title                    = {High-resolution Climatology of the North-East {A}tlantic using {D}ata-{I}nterpolating {V}ariational {A}nalysis (\textsf{Diva})},
  Author                   = {C. Troupin and F. Mach\'{i}n and M. Ouberdous and D. Sirjacobs and A. Barth and J.-M. Beckers},
  Journal                  = {Journal of Geophysical Research},
  Year                     = {2010},
  Number                   = {C8},
  Pages                    = {C08005},
  Volume                   = {115},

  Doi                      = {10.1029/2009JC005512},
  Owner                    = {charles},
  Timestamp                = {2009.12.10},
  Url                      = {http://onlinelibrary.wiley.com/doi/10.1029/2009JC005512/epdf}
}

@Article{TROUPIN2012OM,
  Title                    = {Generation of the {C}ape {G}hir upwelling filament: a numerical study},
  Author                   = {C. Troupin and E.~Mason and J.-M.~Beckers and P.~Sangr\`{a}},
  Journal                  = {Ocean Modelling},
  Year                     = {2012},
  Pages                    = {1-15},
  Volume                   = {41},

  Doi                      = {10.1016/j.ocemod.2011.09.001},
  Owner                    = {charles},
  Timestamp                = {2011.05.31},
  Url                      = {http://www.sciencedirect.com/science/article/pii/S1463500311001557}
}

@Article{TROUPIN2019,
  Title                    = {{The AlborEX dataset: sampling of sub-mesoscale features in the Alboran Sea}},
  Author                   = {Charles Troupin and Pascual, Ananda and Ruiz, Simon and Olita, Antonio and Casas, Benjamin and Margirier, Félix and Poulain, Pierre-Marie and Notarstefano, Giulio and Torner, Marc and Fernández, Juan Gabriel and Rújula, Miquel Àngel and Muñoz, Cristian and Alou, Eva and Ruiz, Inmaculada and Tovar-Sánchez, Antonio and Allen, John T. and Mahadevan, Amala and Tintoré, Joaquín},
  Journal                  = {Earth System Science Data},
  Year                     = {2019},

  Month                    = {Jan},
  Number                   = {1},
  Pages                    = {129–145},
  Volume                   = {11},

  Doi                      = {10.5194/essd-11-129-2019},
  ISSN                     = {1866-3516},
  Publisher                = {Copernicus GmbH},
  Url                      = {https://www.earth-syst-sci-data.net/11/129/2019/}
}

@Article{TROUPIN2015,
  Title                    = {{Illustration of the emerging capabilities of SARAL/AltiKa in the coastal zone using a multi-platform approach}},
  Author                   = {C. Troupin and A. Pascual and G. Valladeau and I. Pujol and A. Lana and E. Heslop and S. Ruiz and M. Torner and N. Picot and J. Tintor\'{e}},
  Journal                  = {Advances in Space Research},
  Year                     = {2015},
  Number                   = {1},
  Pages                    = {51-59},
  Volume                   = {55},

  Doi                      = {10.1016/j.asr.2014.09.011},
  Owner                    = {ctroupin},
  Timestamp                = {2014.07.16},
  Url                      = {http://www.sciencedirect.com/science/article/pii/S0273117714005754}
}

@InProceedings{TROUPIN2016IMDIS,
  Title                    = {{Data processing and visualization at the Balearic Islands Coastal Observing and Forecasting System (SOCIB)}},
  Author                   = {Troupin, Charles and Beltran Joan Pau and Biel Frontera and Sonia Gómara and Miquel Gomila and Andreas Krietemeyer and Cristian Muñoz and Rújula, Miquel \`{A}ngel and Inma Serra and Tintoré, Joaquín},
  Booktitle                = {{Bollettino di Geofisica teorica ed applicata - IMDIS 2016 International Conference on Marine Data and Information Systems}},
  Year                     = {2016},
  Editor                   = {Istituto Nazionale di Oceanografia e di Geofisica Sperimentale},
  Month                    = {October},
  Organization             = {IOPAN and IMGW},
  Pages                    = {43-44},
  Volume                   = {57 - supplement},

  Owner                    = {ctroupin},
  Timestamp                = {2018.12.27},
  Url                      = {http://www3.ogs.trieste.it/bgta/pdf/IMDIS2016.pdf}
}

@Article{TROUPIN2010JMS,
  Title                    = {{Seasonal variability of the oceanic upper layer and its modulation of biological cycles in the Canary Island region}},
  Author                   = {C. Troupin and P. Sangr\`{a} and J. Ar\'{i}stegui},
  Journal                  = {Journal of Marine Systems},
  Year                     = {2010},
  Number                   = {3-4},
  Pages                    = {172-183},
  Volume                   = {80},

  Doi                      = {10.1016/j.jmarsys.2009.10.007},
  Owner                    = {Charles},
  Timestamp                = {2008.08.12},
  Url                      = {http://www.sciencedirect.com/science/article/B6VF5-4XMKB67-1/2/326bcf54e891969eb6191ec534805d35}
}

@Article{TROUPIN2012bOM,
  Title                    = {{Generation of analysis and consistent error fields using the Data Interpolating Variational Analysis (Diva)}},
  Author                   = {C. Troupin and D. Sirjacobs and M. Rixen and P. Brasseur and J.-M. Brankart and A. Barth and A. Alvera-Azc\'{a}rate and A. Capet and M. Ouberdous and F. Lenartz and M.-E. Toussaint and J.-M. Beckers},
  Journal                  = {Ocean Modelling},
  Year                     = {2012},
  Pages                    = {90-101},
  Volume                   = {52-53},

  Doi                      = {10.1016/j.ocemod.2012.05.002},
  Owner                    = {Charles},
  Timestamp                = {2008.11.15},
  Url                      = {http://www.sciencedirect.com/science/article/pii/S1463500312000790}
}

@Article{TYBERGHEIN2011GEB,
  Title                    = {{ORACLE}: a global environmental dataset for marine species distribution modeling},
  Author                   = {L. Tyberghein and H. Verbruggen and K. Pauly and C. Troupin and F. Mineur and O. {De~Clerck}},
  Journal                  = {Global Ecology and Biogeography},
  Year                     = {2012},
  Number                   = {2},
  Pages                    = {272-281},
  Volume                   = {21},

  Doi                      = {10.1111/j.1466-8238.2011.00656.x},
  Owner                    = {charles},
  Timestamp                = {2010.09.17},
  Url                      = {http://onlinelibrary.wiley.com/doi/10.1111/j.1466-8238.2011.00656.x/pdf}
}

