% Encoding: UTF-8

@InProceedings{BARTH2016IMDIS,
  author       = {Alexander Barth and Sylvain Watelet and Charles. Troupin and Alvera-Azc\'{a}rate, Aida and Giorgio Santinelli and Gerrit Hendriksen and Alessandra Giorgetti and Jean-Marie Beckers},
  title        = {{OceanBrowser: on-line visualization of gridded ocean data and in situ observations}},
  booktitle    = {{Bollettino di Geofisica teorica ed applicata - IMDIS 2016 International Conference on Marine Data and Information Systems}},
  year         = {2016},
  editor       = {Istituto Nazionale di Oceanografia e di Geofisica Sperimentale},
  volume       = {57 - supplement},
  pages        = {39-40},
  month        = {October},
  organization = {IOPAN and IMGW},
  owner        = {ctroupin},
  timestamp    = {2018.12.27},
  url          = {http://www3.ogs.trieste.it/bgta/pdf/IMDIS2016.pdf},
}

@InProceedings{JUZA2015,
  author       = {M. Juza and B. Mourre and L. Renault and S. Gómara and K. Sebastián and S. Lora and J.P. Beltran and B. Frontera and C. Troupin and M. Torner and E. Heslop and G. Vizoso and B. Casas and J. Tintoré},
  title        = {{WMOP: Western Mediterranean SOCIB high-resolution ocean forecasting system}},
  booktitle    = {{Proceedings of the Seventh EuroGOOS International Conference}},
  year         = {2015},
  editor       = {Erik Buch and Yota Antoniou and Dina Eparkhina and Glenn Nolan},
  pages        = {347-355},
  address      = {Lisbon, Portugal},
  month        = {October 28-30},
  organization = {EuroGOOS},
  note         = {ISBN 978-2-9601883-1-8},
  owner        = {ctroupin},
  timestamp    = {2015.02.10},
  url          = {http://eurogoos.eu/download/publications/EuroGOOS-2014-Conference-Proceedings.pdf},
}

@InProceedings{LENARTZ2017,
  author    = {Lenartz, Fabian and Troupin, Charles and Lefebvre, Wouter},
  title     = {Data Interpolating Variational Analysis for the Generation of Atmospheric Pollution Maps at Various Scales},
  booktitle = {{International Technical Meeting on Air Pollution Modelling and its Application}},
  year      = {2017},
  pages     = {231-235},
  month     = {Sep},
  publisher = {Springer International Publishing},
  doi       = {10.1007/978-3-319-57645-9_37},
  isbn      = {9783319576459},
  issn      = {2213-8692},
  journal   = {{Springer Proceedings in Complexity}},
  owner     = {ctroupin},
  timestamp = {2017.10.25},
  url       = {https://link.springer.com/chapter/10.1007%2F978-3-319-57645-9_37},
}

@InProceedings{MYROSHNYCHENKO2021IMDIS,
  author       = {Myroshnychenko, Volodymyr and Troupin, Charles and Barth, Alexander and Troupin, Charles and Simoncelli, Simona},
  title        = {{Black Sea Temperature and Salinity climatologies computed with DIVAnd tool}},
  booktitle    = {{Bollettino di Geofisica teorica ed applicata - IMDIS 2021 International Conference on Marine Data and Information Systems}},
  year         = {2021},
  volume       = {62 - supplement 1},
  pages        = {84-86},
  month        = {April},
  organization = {NIOZ},
  owner        = {ctroupin},
  timestamp    = {2018.12.27},
  url          = {https://imdis.seadatanet.org/content/download/151922/file/IMDIS2021_proceedings.pdf},
}

@InProceedings{TROUPIN15a,
  author       = {C. Troupin and J.P. Beltran and B. Frontera and S. G\'{o}mara and S. Lora and D. March and K. Sebastian and J. Tintor\'{e}},
  title        = {{Oceanographic data management at the Balearic Islands Coastal Ocean Observing and Forecasting System (SOCIB)}},
  booktitle    = {{Proceedings of the Seventh EuroGOOS International Conference}},
  year         = {2015},
  editor       = {Erik Buch and Yota Antoniou and Dina Eparkhina and Glenn Nolan},
  pages        = {177-184},
  address      = {Lisbon, Portugal},
  month        = {October 28-30},
  organization = {EuroGOOS},
  note         = {ISBN 978-2-9601883-1-8},
  owner        = {ctroupin},
  timestamp    = {2015.02.10},
  url          = {http://eurogoos.eu/download/publications/EuroGOOS-2014-Conference-Proceedings.pdf},
}

@InProceedings{TROUPIN2016IMDIS2,
  author       = {C. Troupin and B. Frontera and Beltran, Joan Pau and Andreas Krietemeyer and Kristian Sebastian and Sonia Gómara and Miquel Gomila and Romain Escudier and Mélanie Juza and Baptiste Mourre and \`{A}ngels Garau and Tomeu Cañellas and Joaqu\'{i}n Tintor\'{e}},
  title        = {{Medclic: the Mediterranean in one click}},
  booktitle    = {{Bollettino di Geofisica teorica ed applicata - IMDIS 2016 International Conference on Marine Data and Information Systems}},
  year         = {2016},
  editor       = {Istituto Nazionale di Oceanografia e di Geofisica Sperimentale},
  volume       = {57 - supplement},
  month        = {October},
  organization = {IOPAN and IMGW},
  owner        = {ctroupin},
  timestamp    = {2018.12.27},
  url          = {http://www3.ogs.trieste.it/bgta/pdf/IMDIS2016.pdf},
}

@InProceedings{TROUPIN2016IMDIS,
  author       = {Troupin, Charles and Beltran Joan Pau and Biel Frontera and Sonia Gómara and Miquel Gomila and Andreas Krietemeyer and Cristian Mu\~{n}oz and Rújula, Miquel \`{A}ngel and Inma Serra and Tintoré, Joaquín},
  title        = {{Data processing and visualization at the Balearic Islands Coastal Observing and Forecasting System (SOCIB)}},
  booktitle    = {{Bollettino di Geofisica teorica ed applicata - IMDIS 2016 International Conference on Marine Data and Information Systems}},
  year         = {2016},
  editor       = {Istituto Nazionale di Oceanografia e di Geofisica Sperimentale},
  volume       = {57 - supplement},
  pages        = {43-44},
  month        = {October},
  organization = {IOPAN and IMGW},
  owner        = {ctroupin},
  timestamp    = {2018.12.27},
  url          = {http://www3.ogs.trieste.it/bgta/pdf/IMDIS2016.pdf},
}

@InProceedings{INSTAC2016IMDIS,
  author       = {Petit de la Villéon, Lo\"{i}c and Pouliquen, Sylvie and H. Wehde and J. Tintore and T. Carval and Ringheim, L. Sjur and S. Tamm and Tarot, S. and Marinova, V. and L. Perivoliotis, de Alfonso Alonso-Mu\~{n}oyerro, Marta and Thomas Hammarklint and Manzano Muñoz, Fernando and Charles Troupin and Kevin Balem and Corentin Guyot},
  title        = {{Marine environmental data bases: infrastructures and data access systems Copernicus Marine Environment Monitoring Service In Situ TAC: an In situ operational data provision system for operational oceanography}},
  booktitle    = {{Bollettino di Geofisica teorica ed applicata - IMDIS 2016 International Conference on Marine Data and Information Systems}},
  year         = {2016},
  volume       = {57 - supplement},
  pages        = {149-150},
  month        = {October},
  organization = {IOPAN and IMGW},
  owner        = {ctroupin},
  timestamp    = {2018.12.27},
  url          = {http://www3.ogs.trieste.it/bgta/pdf/IMDIS2016.pdf},
}

@InProceedings{CabreraINSTAC2021IMDIS,
  author       = {Cabrera, Patricia and Otero, Viviana and Everaert, Gert and Sauzède, Raphaëlle and Remanan, Renosh Pannimpullath and Claustre, Hervé and Uit, Julia and Barth, Alexander and Troupin, Charles and Schepers, Lennert},
  title        = {{Blue-Cloud Demonstrator: A machine learning approach to derive plankton from the Global Ocean}},
  booktitle    = {{Bollettino di Geofisica teorica ed applicata - IMDIS 2021 International Conference on Marine Data and Information Systems}},
  year         = {2021},
  editor       = {Michèle Fichaut and Vanessa Tosello and Alessandra Giorgetti},
  volume       = {62 - supplement 1},
  pages        = {27-29},
  month        = {April},
  organization = {NIOZ},
  owner        = {ctroupin},
  timestamp    = {2018.12.27},
  url          = {https://imdis.seadatanet.org/content/download/151922/file/IMDIS2021_proceedings.pdf},
}

@InProceedings{TroupinIMDIS2021,
  author       = {Charles Troupin and Alexander Barth and Leo Bruvry-Lagadec and Merret Buurman and Seppo Kaitala and Narayanan Krishnan and Sebastian Mieruch and Giorgio Santinelli and Peter Thijsse and Filip Waumans and Themis Zamani},
  title        = {{Working with the SeaDataCloud Virtual Research Environment: what can we do for you?}},
  booktitle    = {{Bollettino di Geofisica teorica ed applicata - IMDIS 2021 International Conference on Marine Data and Information Systems}},
  year         = {2021},
  editor       = {Michèle Fichaut and Vanessa Tosello and Alessandra Giorgetti},
  volume       = {62 - supplement 1},
  pages        = {117-118},
  month        = {April},
  organization = {NIOZ},
  owner        = {ctroupin},
  timestamp    = {2018.12.27},
  url          = {https://imdis.seadatanet.org/content/download/151922/file/IMDIS2021_proceedings.pdf},
}

@InProceedings{Simoncelli2021IMDIS,
  author       = {Buurman, Merret and Troupin, Charles and Barth, Alexander and Bruvry-Lagadec, Leo and Mieruch, Sebastian and Krishnan, Naranyanan and Santinelli, Giorgio and Baart, Fedor and Thijsse, Peter and Waumans, Filip and Zamani, Themis},
  title        = {{SeaDataCloud Virtual Research Environment: Implementation and Technical Aspects}},
  booktitle    = {{Bollettino di Geofisica teorica ed applicata - IMDIS 2021 International Conference on Marine Data and Information Systems}},
  year         = {2021},
  editor       = {Michèle Fichaut and Vanessa Tosello and Alessandra Giorgetti},
  volume       = {62 - supplement 1},
  pages        = {114-116},
  month        = {April},
  organization = {NIOZ},
  owner        = {ctroupin},
  timestamp    = {2018.12.27},
  url          = {https://imdis.seadatanet.org/content/download/151922/file/IMDIS2021_proceedings.pdf},
}

@InProceedings{TroupinIMDIS2021b,
  author       = {Troupin, Charles and Aida Alvera-Azcárate and Barth, Alexander and Matjaz Licer and Van der Zande, Dimitry and Beckers, Jean-Marie},
  title        = {{Filling data gaps through interpolation: innovative analysis tools for oceanography}},
  booktitle    = {{Bollettino di Geofisica teorica ed applicata - IMDIS 2021 International Conference on Marine Data and Information Systems}},
  year         = {2021},
  editor       = {Michèle Fichaut and Vanessa Tosello and Alessandra Giorgetti},
  volume       = {62 - supplement 1},
  pages        = {175-176},
  month        = {April},
  organization = {NIOZ},
  owner        = {ctroupin},
  timestamp    = {2018.12.27},
  url          = {https://imdis.seadatanet.org/content/download/151922/file/IMDIS2021_proceedings.pdf},
}

@InProceedings{TROUPINIMDIS2021C,
  author       = {Charles Troupin and Abergas-Arteza, Julie and Barth, Alexander and Frederic Huynh and Jukka Seppälä and Seppo Kaitala and Aleksi Kallio and Cecile Nys and Francesco Osimanti and Peter Thijsse and Gilbert Maudire and Boris Dintrans},
  title        = {{PHIDIAS: boosting the use of cloud services to benefit marine data management, services and processing}},
  booktitle    = {{Bollettino di Geofisica teorica ed applicata - IMDIS 2021 International Conference on Marine Data and Information Systems}},
  year         = {2021},
  editor       = {Michèle Fichaut and Vanessa Tosello and Alessandra Giorgetti},
  volume       = {62 - supplement 1},
  pages        = {197-198},
  month        = {April},
  organization = {NIOZ},
  owner        = {ctroupin},
  timestamp    = {2018.12.27},
  url          = {https://imdis.seadatanet.org/content/download/151922/file/IMDIS2021_proceedings.pdf},
}

@InProceedings{SIMONCELLII2021IMDIS,
  author       = {Simona Simoncelli and Christine Coatanoan and Volodymyr Myroshnychenko and Örjan Bäck and Helge Sagen and Serge Scory and Nadia Pinardi and Alexander Bart and Charles Troupin and Kanwal Shahzadi and Paolo Oliveri and Reiner Schlitzer and Michèle Fichaut and Dick Schaap},
  title        = {{SeaDataCloud temperature and salinity climatologies for the European marginal seas and the Global Ocean}},
  booktitle    = {{Bollettino di Geofisica teorica ed applicata - IMDIS 2021 International Conference on Marine Data and Information Systems}},
  year         = {2021},
  editor       = {Michèle Fichaut and Vanessa Tosello and Alessandra Giorgetti},
  volume       = {62 - supplement 1},
  pages        = {30-31},
  month        = {April},
  organization = {NIOZ},
  owner        = {ctroupin},
  timestamp    = {2018.12.27},
  url          = {https://imdis.seadatanet.org/content/download/151922/file/IMDIS2021_proceedings.pdf},
}

@InProceedings{BARTH2021IGARSS,
  author    = {Barth, A. and Alvera-Azcarate, A. and Troupin, C. and Beckers, J.-M. and Van der Zande, D.},
  title     = {{Reconstruction of Missing Data in Satellite Images of the Southern North Sea Using a Convolutional Neural Network (DINCAE)}},
  booktitle = {{IEEE International Geoscience and Remote Sensing Symposium (IGARSS)}},
  year      = {2021},
  month     = {Jul},
  publisher = {IEEE},
  doi       = {10.1109/igarss47720.2021.9554045},
  journal   = {2021 IEEE International Geoscience and Remote Sensing Symposium IGARSS},
  owner     = {ctroupin},
  timestamp = {2022.02.02},
  url       = {http://dx.doi.org/10.1109/IGARSS47720.2021.9554045},
}

@InProceedings{TROUPIN2018IMDIS2,
  author       = {Alexander Barth and Charles Troupin and Sylvain Watelet and Aida Alvera-Azc\'{a}rate and Jean-Marie Beckers},
  title        = {Generating ocean climatologies from in situ observations},
  booktitle    = {{IMDIS 2018 International Conference on Marine Data and Information Systems}},
  year         = {2018},
  address      = {Barcelona, Spain},
  month        = {November 6},
  organization = {UTM - CSIC},
  note         = {Poster},
  owner        = {ctroupin},
  timestamp    = {2018.11.12},
  url          = {http://hdl.handle.net/2268/229998},
}

@InProceedings{SIMONCELLI2021,
  author    = {Simoncelli, Simona and Coatanoan, Christine and Myroshnychenko, Volodymyr and Bäck, Örjan and Sagen, Helge and Scory, Serge and Oliveri, Paolo and Shahzadi, Kanwal and Pinardi, Nadia and Barth, Alexander and Troupin, Charles and Schlitzer, Reiner and Fichaut, Michèle and Schaap, Dick},
  title     = {{SeaDataCloud Data Products for the European marginal seas and the Global Ocean}},
  booktitle = {{Advances in operational oceanography : expanding Europe's ocean observing and forecasting capacity. Proceedings of the 9th EuroGOOS International Conference.}},
  year      = {2021},
  editor    = {Fernandez, Vicente and Lara-Lopez, Ana and Eparkhina, Dina and Cocquempot, Lucie and Lochet, Corine and Lips, Inga},
  pages     = {70-77},
  month     = {3-5 May},
  doi       = {10.13155/83160},
  owner     = {ctroupin},
  timestamp = {2022.02.02},
}

@InProceedings{ALVERA2021IGARSS,
  author    = {Alvera-Azc\'{a}rate, A. and Barth, A. and Troupin, C. and Beckers, J.-M. and Van Der Zande, D.},
  title     = {Creation of High Resolution Suspended Particulate Matter Data in the North Sea From Sentinel-2 and Sentinel-3 Data},
  booktitle = {{IEEE International Geoscience and Remote Sensing Symposium (IGARSS)}},
  year      = {2021},
  month     = {Jul},
  publisher = {IEEE},
  doi       = {10.1109/igarss47720.2021.9554197},
  journal   = {2021 IEEE International Geoscience and Remote Sensing Symposium IGARSS},
  owner     = {ctroupin},
  timestamp = {2022.01.24},
  url       = {http://dx.doi.org/10.1109/IGARSS47720.2021.9554197},
}

@Comment{jabref-meta: databaseType:bibtex;}
