% This file was created with JabRef 2.10.
% Encoding: UTF8


@Article{TROUPIN16,
  Title                    = {{A toolbox for glider data processing and management}},
  Author                   = {C. Troupin and J.P. Belltran and E. Heslop and M. Torner and B. Garau and J. Allen and S. Ruiz and J. Tintoré},
  Journal                  = {Methods in Oceanography},
  Year                     = {2015},
  Pages                    = {13-23},
  Volume                   = {{13-14}},

  Doi                      = {10.1016/j.mio.2016.01.001},
  Owner                    = {ctroupin},
  Timestamp                = {2016.01.04},
  Url                      = {http://www.sciencedirect.com/science/article/pii/S2211122015300207}
}

@Article{TROUPIN2010JGR,
  Title                    = {High-resolution Climatology of the North-East {A}tlantic using {D}ata-{I}nterpolating {V}ariational {A}nalysis (\textsf{Diva})},
  Author                   = {C. Troupin and F. Mach\'{i}n and M. Ouberdous and D. Sirjacobs and A. Barth and J.-M. Beckers},
  Journal                  = {Journal of Geophysical Research},
  Year                     = {2010},
  Number                   = {C8},
  Pages                    = {C08005},
  Volume                   = {115},

  Doi                      = {10.1029/2009JC005512},
  Owner                    = {charles},
  Timestamp                = {2009.12.10},
  Url                      = {http://onlinelibrary.wiley.com/doi/10.1029/2009JC005512/epdf}
}

@Article{TROUPIN2012OM,
  Title                    = {Generation of the {C}ape {G}hir upwelling filament: a numerical study},
  Author                   = {C. Troupin and E.~Mason and J.-M.~Beckers and P.~Sangr\`{a}},
  Journal                  = {Ocean Modelling},
  Year                     = {2012},
  Pages                    = {1-15},
  Volume                   = {41},

  Doi                      = {10.1016/j.ocemod.2011.09.001},
  Owner                    = {charles},
  Timestamp                = {2011.05.31},
  Url                      = {http://www.sciencedirect.com/science/article/pii/S1463500311001557}
}

@Article{TROUPIN2019,
  Title                    = {{The AlborEX dataset: sampling of sub-mesoscale features in the Alboran Sea}},
  Author                   = {Charles Troupin and Pascual, Ananda and Ruiz, Simon and Olita, Antonio and Casas, Benjamin and Margirier, Félix and Poulain, Pierre-Marie and Notarstefano, Giulio and Torner, Marc and Fernández, Juan Gabriel and Rújula, Miquel Àngel and Muñoz, Cristian and Alou, Eva and Ruiz, Inmaculada and Tovar-Sánchez, Antonio and Allen, John T. and Mahadevan, Amala and Tintoré, Joaquín},
  Journal                  = {Earth System Science Data},
  Year                     = {2019},

  Month                    = {Jan},
  Number                   = {1},
  Pages                    = {129–145},
  Volume                   = {11},

  Doi                      = {10.5194/essd-11-129-2019},
  ISSN                     = {1866-3516},
  Owner                    = {ctroupin},
  Publisher                = {Copernicus GmbH},
  Timestamp                = {2019.06.04},
  Url                      = {https://www.earth-syst-sci-data.net/11/129/2019/}
}

@Article{TROUPIN2015,
  Title                    = {{Illustration of the emerging capabilities of SARAL/AltiKa in the coastal zone using a multi-platform approach}},
  Author                   = {C. Troupin and A. Pascual and G. Valladeau and I. Pujol and A. Lana and E. Heslop and S. Ruiz and M. Torner and N. Picot and J. Tintor\'{e}},
  Journal                  = {Advances in Space Research},
  Year                     = {2015},
  Number                   = {1},
  Pages                    = {51-59},
  Volume                   = {55},

  Doi                      = {10.1016/j.asr.2014.09.011},
  Owner                    = {ctroupin},
  Timestamp                = {2014.07.16},
  Url                      = {http://www.sciencedirect.com/science/article/pii/S0273117714005754}
}

@Article{TROUPIN2010JMS,
  Title                    = {{Seasonal variability of the oceanic upper layer and its modulation of biological cycles in the Canary Island region}},
  Author                   = {C. Troupin and P. Sangr\`{a} and J. Ar\'{i}stegui},
  Journal                  = {Journal of Marine Systems},
  Year                     = {2010},
  Number                   = {3-4},
  Pages                    = {172-183},
  Volume                   = {80},

  Doi                      = {10.1016/j.jmarsys.2009.10.007},
  Owner                    = {Charles},
  Timestamp                = {2008.08.12},
  Url                      = {http://www.sciencedirect.com/science/article/B6VF5-4XMKB67-1/2/326bcf54e891969eb6191ec534805d35}
}

@Article{TROUPIN2012bOM,
  Title                    = {{Generation of analysis and consistent error fields using the Data Interpolating Variational Analysis (Diva)}},
  Author                   = {C. Troupin and D. Sirjacobs and M. Rixen and P. Brasseur and J.-M. Brankart and A. Barth and A. Alvera-Azc\'{a}rate and A. Capet and M. Ouberdous and F. Lenartz and M.-E. Toussaint and J.-M. Beckers},
  Journal                  = {Ocean Modelling},
  Year                     = {2012},
  Pages                    = {90-101},
  Volume                   = {52-53},

  Doi                      = {10.1016/j.ocemod.2012.05.002},
  Owner                    = {Charles},
  Timestamp                = {2008.11.15},
  Url                      = {http://www.sciencedirect.com/science/article/pii/S1463500312000790}
}

